3532 4544
854 238 924 394 25
1037 341 1081 353 ‚.

153 517 323 619 pedestri
339 518 531 596 Varronis
550 512 690 596 satirae
708 517 962 619 opposuisse,
987 516 1056 593 sed
1075 514 1129 592 ita
1150 515 1198 591 de
1218 514 1292 592 hac
1311 513 1495 594 locutum
1517 539 1619 613 esse,

152 681 201 742 ut
214 668 298 770 ipse
317 670 577 747 casaubonus
597 690 684 746 eam
704 669 752 747 ab
768 669 952 746 Enniana
970 680 1206 768 suspensam
1223 694 1307 749 una
1330 697 1424 750 cum
1442 673 1618 754 bactan-

152 846 273 923 quam
290 821 465 922 priorem
480 820 706 899 Lucilianae
723 821 873 923 opponi
889 819 1139 921 intelligeret.
1169 820 1325 899 Deinde
1341 824 1464 924 probe
1479 837 1619 903 tenen·

152 973 253 1051 dum
273 986 346 1065 est,
367 997 487 1049 omne
506 970 705 1074 quantum
723 973 952 1065 aDiomede
966 973 1173 1050 Ennianac
1190 973 1328 1051 satirae
1343 976 1553 1076 proprium
1571 1001 1616 1056 ac

149 1124 409 1224 praecipuum
438 1118 654 1213 tribuatur,
684 1122 728 1196 iu
755 1118 906 1199 sormae
931 1121 1113 1198 varietate
1142 1121 1273 1213 cerni,
1306 1147 1386 1224 qua
1411 1124 1496 1225 ipsa
1519 1128 1616 1204 Var-

148 1273 260 1350 ronis
287 1272 421 1350 satiras
447 1236 969 1372 insignes'firisseeonsus,
994 1295 1069 1348 nec
1092 1270 1272 1349 multum
1297 1273 1477 1368 interest,
1508 1277 1618 1378 quod

146 1420 215 1500 ille
246 1422 328 1501 sola
354 1423 530 1501 carmina
558 1421 664 1495 inter
689 1444 730 1497 se
754 1398 942 1513 miscuit,¹
962 1420 1029 1497 hic
1054 1422 1172 1500 etiam
1199 1390 1390 1522 pedestris
1417 1429 1614 1507 sermonis

147 1574 558 1673 partes·interposuit;
597 1572 800 1650 Lucilium
827 1587 959 1652 autem
987 1573 1097 1675 quod
1122 1575 1383 1653 Casaubonus
1416 1591 1456 1655 et
1478 1580 1614 1680 ipsum

146 1724 259 1805 vario
292 1736 419 1801 metro
454 1748 577 1799 usum
611 1746 695 1800 esse
731 1723 860 1822 arguit
887 1718 946 1819 ⁶⁵),
965 1719 1099 1841 ‘longe
1133 1720 1277 1820 opinor
1312 1723 1387 1803 alia
1420 1728 1521 1804 ratio
1556 1742 1615 1806 est

148 1873 252 1976 ejus,
286 1875 356 1978 qui
382 1876 555 1953 diversos
581 1875 703 1952 libros
729 1873 891 1952 diversis
917 1872 1100 1948 numeris
1127 1874 1350 1983 componit,
1383 1888 1500 1977 atque
1527 1874 1613 1976 ejus

147 2031 216 2132 qui
236 2053 322 2106 uno
342 2030 563 2129 eodemque
584 2029 687 2107 libro
708 2029 816 2107 varia
837 2039 965 2104 metra
989 2024 1308 2126 comprehendit3
1333 2051 1408 2104 nec
1430 2028 1462 2103 si
1480 2029 1615 2107 Ennio
1651 2066 1654 2072 ·

147 2179 328 2280 singulos
354 2179 566 2258 satirarum
593 2179 716 2255 libros
747 2202 770 2256 a
795 2177 878 2255 sola
901 2190 1127 2255 metrorum
1153 2177 1373 2256 diversitate
1397 2178 1614 2259 inscribere

146 2331 304 2422 licebat,
334 2329 473 2408 eadem
498 2328 643 2406 Lucilii
674 2349 791 2405 causa
821 2351 906 2403 esse
931 2339 1101 2426 poterat,
1134 2329 1204 2428 qui
1234 2350 1467 2429 quanquam
1492 2329 1613 2407 etiam

144 2483 345 2561 trochaico
384 2504 557 2557 numero
597 2480 771 2577 integros
809 2477 933 2554 libros
970 2477 1215 2578 composuit,
1258 2476 1437 2577 singulos
1477 2491 1612 2557 tamen

146 2630 314 2732 singulis
340 2629 477 2712 metris
501 2652 628 2730 eoque
646 2641 694 2703 ut
713 2625 939 2729 plurimum
959 2625 1121 2703 heroico
1140 2627 1384 2726 conscripsit.
1424 2630 1611 2709 Materiae

147 2785 321 2887 denique
352 2783 435 2884 ipse
462 2780 725 2858 Casaubonus
757 2777 1014 2878 potissimum
1049 2776 1264 2855 discrimen
1289 2775 1412 2855 suisse
1437 2781 1612 2881 agnovit,

146 2958 278 3035 neque
308 2931 370 3010 vel
400 2931 504 3008 illud
536 2929 819 3021 concesserim,
849 2931 961 3030 quod
985 2927 1169 3030 pluribus
1194 2931 1313 3009 etiam
1338 2931 1464 3033 ipsius
1491 2947 1610 3012 secta·

145 3068 253 3161 'tores
283 3081 478 3185 persecuti
512 3094 626 3185 sunt,
667 3092 881 3181 utramque
913 3080 1072 3157 satiram
1104 3082 1154 3159 ad
1189 3108 1353 3162 morum
1389 3087 1608 3165 doctrinam

147 3247 358 3339 spectasse3
394 3232 499 3310 nihil
525 3245 628 3308 certe
652 3208 906 3309 interEnnii
931 3229 1119 3331 reliquias
1146 3244 1268 3309 exstat
1293 3230 1354 3332 ⁶⁶),
1388 3232 1500 3334 quod
1524 3257 1610 3311 non

148 3564 151 3572 .
211 3519 260 3588 66)
277 3521 315 3573 De
331 3520 405 3589 poesi
422 3526 500 3588 satyr.
517 3537 542 3589 p.
554 3517 609 3571 213
620 3534 677 3586 sqq.

212 3631 262 3698 66)
280 3634 337 3700 lpse
354 3632 508 3701 Repentino,
533 3646 678 3701 quenquam
689 3626 851 3679 didacticum
874 3627 980 3679 setium
996 3627 1138 3679 Ennianum
1159 3625 1275 3696 appellnt
1298 3642 1403 3696 umque
1420 3626 1458 3678 ad
1473 3628 1611 3681 uditatem

144 3742 298 3778 comarum
315 3742 444 3795 moresque
461 3722 590 3775 bominum
606 3728 735 3791 spectasse
751 3723 803 3783 sit,
821 3729 944 3782 ceterum
962 3723 1060 3790 inquit,
1079 3720 1111 3772 de
1128 3719 1214 3773 indole
1230 3724 1373 3775 satirarum
1390 3722 1475 3775 Ennii
1489 3724 1523 3775 ab
1540 3726 1609 3776 anti·

144 3823 203 3892 quis
226 3819 396 3892 scriptos-idus
417 3814 490 3868 baud
511 3818 564 3868 seio
588 3835 623 3868 an
648 3814 788 3887 quidquism
811 3815 947 3866 moriae
962 3813 1093 3886 proditura
1113 3815 1153 3883 ,att
1175 3815 1230 3866 not
1246 3813 1316 3885 quod
1334 3814 1528 3878 Quinctilium
1543 3816 1609 3870 last.

147 3915 223 3968 Orat.
240 3916 285 3967 tx.
303 3917 330 3969 2
347 3912 386 3966 :¹26
410 3911 493 3965 tradit
512 3913 619 3966 Mortem
643 3911 777 3963 arvitam
800 3908 981 3962 contendentes
1004 3908 1038 3959 alt
1063 3925 1092 3960 eo
1118 3906 1238 3960 intrusae
1261 3928 1330 3971 erse,
1354 3920 1379 3962 et
1400 3910 1463 3962 aliis
1486 3909 1610 3964 trudatur

145 4011 240 4063 ausu
257 4011 311 4063 soe
328 3976 479 4071 seuseu}
495 4007 586 4062 sautu
602 4008 703 4058 cusae
718 4005 872 4065 suum,
893 4004 922 4055 u
938 4020 990 4075 qu·
1007 4001 1136 4055 tumor
1150 4000 1194 4053 set
1210 3999 1332 4056 tostius
1344 4000 1454 4056 Luto
1473 4003 1611 4076 utque·
1707 4018 1710 4023 ·

1213 4099 1239 4167 4
1285 4114 1290 4123 .
