3532 4544
878 281 952 431 ιι

177 507 346 608 parativa
369 509 413 585 in
435 505 521 607 ejus
544 507 681 585 locum
700 509 895 612 succedit,
921 532 1022 611 quae
1041 507 1136 587 alias
1153 530 1224 610 per
1241 507 1285 589 id
1302 505 1413 607 quod
1430 499 1532 602 est-ri
1552 503 1657 580 κατά

178 659 258 765 sire
282 660 384 758 pamm
407 681 474 757 pm
500 672 540 736 et
564 658 715 735 similes
740 656 936 737 formulas
959 657 1192 737 declaratur.
1233 656 1295 733 Sic
1314 622 1532 756 Sophocles
1552 654 1657 731 Oed.

146 841 151 849 ·
179 808 274 907 Tyrss
298 837 331 884 v.
355 816 471 884 15⁷4:
504 808 579 910 ἔργ’
604 809 684 887 ἐστὶ
705 809 888 910 κρείσσον’
911 808 1092 910 ἀγχόνης
1113 808 1360 911 εἰργασμένα,
1386 831 1473 881 non
1494 819 1541 880 ut
1561 804 1656 883 faci·

178 983 328 1035 norum
346 960 671 1061 magnitudinem
686 976 782 1039 cutn
800 962 1079 1064 magnitudine
1097 958 1301 1060 suspendii
1320 934 1558 1047 committat,
1583 958 1655 1032 sed

178 1122 225 1182 ut
251 1106 401 1207 majora
427 1090 513 1186 esse
538 1111 733 1213 significet
763 1135 885 1214 quam
913 1136 1015 1213 quae
1042 1110 1259 1212 suspendio
1287 1109 1537 1209 compensari
1562 1134 1657 1209 pos·

178 1261 279 1351 siut3
319 1260 427 1338 idem
457 1262 556 1339 Oed.
584 1262 670 1341 Col.
702 1291 738 1340 v.
763 1271 859 1338 459:
895 1265 1017 1359 μείζω
1041 1261 1237 1361 κολαστὴν
1261 1263 1343 1338 τῶν
1368 1261 1463 1363 πρὶν
1486 1260 1657 1362 ἡμαρτη·

177 1382 318 1506 μὲνῶν,
340 1413 417 1490 hoc
435 1420 515 1506 est}
529 1428 577 1526 ut
590 1428 695 1491 recte
709 1417 950 1493 Wunderus
966 1413 1148 1515 explicat,
1169 1409 1309 1513 ἢκατὰ
1323 1410 1374 1488 τὰ
1387 1408 1656 1512 ἡμαρτημένα,

178 1588 262 1640 neu
280 1567 371 1664 quis
392 1565 488 1642 haec
507 1566 551 1643 in
570 1568 730 1668 genitivi
751 1580 911 1644 tautum
931 1565 1270 1642 constructionem
1284 1564 1429 1668 ‘cadere
1446 1563 1658 1701 existimet,

179 1711 344 1815 reliquis
376 1715 568 1792 omnibus
599 1702 806 1817 exemplis
821 1716 1001 1807 omissis,
1043 1739 1219 1816 quorum
1255 1714 1372 1825 etiam
1405 1715 1657 1816 grammatici

179 1865 289 1943 haud
322 1867 513 1968 exiguum
547 1895 769 1947 numerum
801 1871 991 1973 praebent
1011 1869 1074 1968 ⁸⁰),
1105 1886 1255 1985 unum·
1269 1867 1510 1970 subjungam
1537 1873 1657 1945 Euri-

176 2019 280 2116 pidis
302 2019 445 2095 Alcest.
466 2045 500 2094 v.
517 2024 612 2092 25³:
646 2019 712 2095 καὶ
737 2022 863 2098 πλέον
886 2017 915 2119 ἢ
938 2019 1076 2122 βρόχῳ
1103 2021 1221 2121 δέρην
1246 1980 1417 2143 οιόρανὶῳ
1445 2019 1657 2099 πελάσσαιι

179 2189 224 2241 ex
248 2168 397 2244 Latinis
426 2181 562 2245 autem
591 2169 672 2245 huc
700 2167 836 2247 referri
864 2171 1010 2272 poterit
1034 2170 1266 2278 Plautinum
1292 2171 1335 2245 iu
1363 2170 1463 2270 prol.
1488 2173 1657 2250 Ruden-

112 2379 119 2395 .
178 2317 226 2392 tis
254 2343 288 2391 v.
312 2323 381 2391 20:
630 2298 634 2305 ²
1005 2422 1012 2435 ·

452 2442 580 2542 majore
604 2441 710 2514 multa
734 2443 854 2516 multat
879 2468 980 2544 quam
1005 2443 1097 2517 litem
1126 2443 1305 2543 maletum,
1485 2461 1525 2517 ι’

180 2589 220 2665 id
247 2604 306 2667 est
337 2616 438 2692 quum
461 2620 528 2693 pro
553 2619 595 2667 aa
620 2595 680 2687 (ite
705 2620 806 2694 quum
828 2593 1008 2694 auserunt,
1039 2593 1102 2671 vel
1128 2593 1160 2670 si
1186 2596 1252 2672 cui
1278 2598 1354 2674 hoc
1382 2599 1501 2675 etiam
1528 2602 1655 2677 ambi·

178 2765 305 2840 guum
338 2745 536 2834 rideatur,
565 2761 774 2848 comparet
807 2748 995 2824 Curtium
1022 2751 1090 2824 v1.
1119 2754 1154 2822 a.
1182 2752 1227 2822 2:
1267 2751 1398 2846 patrios
1422 2776 1532 2823 mores
1557 2753 1657 2824 disci-

176 2893 370 2996 plinamque
396 2896 628 2971 Macedonum
654 2953 666 3001 ,Ι
690 2951 698 2968 .
722 2897 814 2969 vebat
847 2896 977 2969 leuiora
1002 2899 1232 2998 magnitudine
1262 2925 1325 2970 sata
1353 2856 1478 2973 duccus
1484 2927 1496 2994 3
1532 2906 1656 2981 sene-

180 3071 266 3124 cam
302 3048 462 3149 Hippol.
487 3076 529 3149 οι.
558 3053 674 3128 1052:
713 3046 793 3120 litus
825 3050 953 3121 irroexit
981 3048 1106 3120 umbem
1137 3050 1418 3150 majusttiaorm
1467 3052 1655 3156 Taciturn

180 3197 280 3273 Hist.
308 3201 382 3275 111.
411 3207 482 3272 55:
536 3176 651 3272 literas
683 3199 730 3270 ad
765 3199 1011 3297 Vespasianum
1043 3204 1228 3299 composuit
1254 3201 1443 3299 jactantius
1474 3230 1574 3303 quam
1608 3211 1660 3280 ud

175 3348 480 3446 prmcipem,11bi
507 3349 660 3426 clarum
688 3363 748 3425 est
771 3338 858 3427 nou
876 3351 1165 3453 Vespasianum
1190 3353 1360 3455 principi
1388 3355 1556 3455 opponi,
1583 3360 1656 3434 sed

178 3500 315 3597 ipsum
340 3496 562 3598 principem
591 3498 689 3589 dici,
720 3521 793 3574 nec
819 3498 897 3574 nisi
924 3523 1174 3591 mensuram,
1205 3526 1309 3603 quae
1335 3502 1541 3581 literarum
1567 3530 1656 3583 esse

179 3649 378 3741 debuerit,
413 3675 508 3726 cum
536 3672 580 3725 ea
608 3671 710 3750 quae
728 3628 872 3756 ¹reuera
899 3646 1019 3725 fuerit
1043 3653 1262 3754 comparari
1274 3681 1287 3759 *3
1335 3654 1508 3760 denique
1534 3660 1653 3731 Juve-

247 3913 298 3979 tu)
318 3914 357 3965 Cf.
375 3914 493 3967 veletren.
512 3915 547 3965 ad
565 3912 654 3980 Enrip.
673 3911 777 3981 Hippoi.
797 3927 819 3962 ι.
834 3909 919 3972 tato,
943 3910 1025 3961 Halm.
1044 3911 1113 3962 lectt.
1133 3911 1221 3963 tenet.
1242 3930 1266 3979 p.
1280 3911 1334 3972 50,
1361 3914 1486 3991 pluraque
1503 3917 1574 3991 ,pud
1592 3915 1658 3966 tter.

179 4011 290 4062 tbiaennr
309 4021 349 4080 gr:
369 4010 413 4060 Gr.
431 4009 453 4077 5.
466 4008 519 4062 atti
539 4016 564 4060 et
582 4008 728 4065 Ruhnernm
747 4009 778 4058 T.
794 4007 834 4069 ΙΙ,
852 4024 877 4075 p.
890 4005 951 4082 451.
