3532 4544
883 284 962 395 48

186 518 313 597 latum
337 517 464 618 ipsius
486 514 630 594 Lucilii
655 511 837 617 exemplo
868 523 1045 603 excuset,
1073 511 1145 613 qui
1171 507 1314 587 eodem
1337 505 1462 584 modo
1486 503 1660 582 Accium

187 667 378 768 tragicum
412 666 674 768 Enniumque
699 634 1018 769 reprehenderit,
1044 686 1129 739 non
1156 684 1238 762 quo
1267 681 1309 736 se
1336 656 1548 735 meliorem
1576 654 1662 733 illis

188 828 383 907 censeret,
414 817 484 894 sed
510 816 604 918 quia
633 817 717 895 suis
745 817 821 920 ipsi
853 814 1067 917 propositis
1096 836 1182 888 non
1210 805 1443 889 satisfecisse
1472 806 1672 886 viderem·

130 978 134 986 '
189 969 360 1063 n1r¹³⁰);
404 965 510 1043 hanc
542 977 678 1044 alitem
707 964 757 1044 ad
785 964 1005 1044 Annalium
1038 961 1161 1039 libros
1197 959 1454 1062 potissimum
1485 969 1665 1060 spectare

189 1116 334 1194 docent
358 1115 496 1192 verba:
962 1098 967 1105 ⁴

467 1291 581 1340 nouoe
604 1266 694 1353 ridet
716 1255 832 1340 untur
856 1265 956 1338 Enni
976 1267 1143 1366 pavide
1168 1267 1333 1357 minoret,

64 1486 69 1493 .
128 1420 131 1425 ’
190 1417 284 1516 quia
309 1416 396 1495 talis
416 1415 673 1518 reprehensio
691 1417 736 1492 in
759 1415 940 1507 satiram,
965 1414 1126 1518 qualem
1146 1413 1230 1516 ipse
1246 1412 1434 1493 Horatius
1460 1412 1668 1510 describit,

88 1663 90 1667 Ι
189 1570 337 1642 sermoni
364 1571 561 1668 propiorem
584 1570 642 1671 ¹³¹)
668 1570 805 1649 cadere
832 1594 919 1646 non
947 1581 1115 1671 poterat3
1151 1566 1366 1669 quodnisi
1392 1544 1666 1661 cimbariu-

189 1720 273 1821 gio,
299 1682 421 1820 quem
446 1719 538 1798 satis
561 1730 601 1795 et
619 1712 880 1795 Weichertus
900 1716 1153 1818 impugnavit
1176 1728 1216 1792 et
1240 1740 1317 1793 nos
1341 1716 1526 1818 superins
1553 1712 1668 1796 refu·

188 1838 379 1965 lavimus,
413 1872 550 1975 ipsum
584 1872 672 1944 rude
703 1895 839 1945 carmen
870 1870 921 1947 ad
951 1869 1126 1947 Annales
1165 1866 1311 1945 referre
1343 1867 1558 1969 placuerit,
1597 1870 1667 1948 vix

189 2021 377 2101 credibile
408 2022 484 2098 erit
512 2020 726 2100 Horatium
757 2020 933 2099 eundem
959 2022 1139 2121 poetam,
1174 2021 1289 2122 cujus
1316 2020 1442 2101 modo
1468 2033 1667 2123 tanquam

189 2171 290 2273 epici
334 2194 486 2248 nomen
530 2169 753 2272 posuisset,
803 2168 1167 2247 circumscribendo
1215 2152 1422 2271 tanquam.
1453 2168 1700 2253 satiricum.

190 2302 369 2398 notasse.'
426 2319 546 2415 Quod
583 2342 677 2425 vero
713 2317 973 2398 Weichertus
1009 2320 1234 2420 suspicatur
1269 2320 1383 2396 Eroti
1416 2333 1583 2421 mnarum
1626 2336 1665 2400 et

190 2471 461 2545 Horartamm
488 2474 671 2546 satirmm
701 2472 943 2546 obtrectatores
975 2473 1013 2546 id
1042 2475 1167 2574 episrc,
1198 2483 1237 2547 ut
1259 2471 1432 2548 Laetilium
1457 2477 1666 2554 &maiorm

191 2648 261 2697 erse
294 2623 508 2698 declarwcut
541 2648 616 2698 cum
649 2623 801 2696 omnam
828 2624 939 2722 poeta
968 2623 1213 2723 antiquioribus
1244 2633 1315 2697 term
1347 2629 1491 2702 moene
1520 2626 1665 2722 Emit,

190 2773 250 2870 poi
273 2776 395 2845 ratras
417 2774 605 2873 scripserit,
630 2772 848 2850 clarissime
874 2773 951 2850 hoc
978 2772 1166 2849 Horatius
1192 2796 1285 2874 prae
1311 2799 1354 2852 se
1378 2773 1472 2868 fert,
1503 2802 1590 2857 nou
1615 2803 1666 2858 se
1754 2854 1763 2873 ,

190 2924 394 3002 Lucilium
413 2939 575 3028 propter
594 2927 730 3004 satiras
749 2925 853 3004 male
870 2926 1032 3027 scriptas
1051 2928 1360 3028 reprehendere,
1385 2957 1518 3036 neque
1534 2932 1667 3069 hujus

191 3091 380 3180 patronos
401 3078 445 3153 in
466 3077 538 3156 illo
560 3090 718 3156 tantum
738 3100 881 3178 genere
907 3075 992 3177 ejus
1013 3080 1292 3178 praestantiam
1317 3079 1539 3163 defendisse
1564 3110 1668 3164 con·

104 3274 105 3278 κ
192 3244 430 3308 sentaneum
457 3240 535 3320 est,
567 3229 638 3306 sed
663 3226 797 3304 omnis
824 3225 1071 3327 disputatio
1059 3251 1104 3302 m
1131 3250 1175 3306 ea
1201 3254 1244 3305 re
1269 3245 1418 3309 versata
1443 3255 1529 3309 esse
1552 3232 1669 3312 ride·

191 3394 277 3473 tur,
299 3392 440 3458 utrum
457 3378 636 3457 Lucilius
661 3381 706 3455 in
730 3378 910 3456 versibus
935 3379 1226 3479 componendis
1249 3380 1376 3457 durus
1395 3394 1434 3458 et
1455 3381 1670 3484 negligens

192 3535 313 3614 luerit
333 3559 384 3613 an
404 3559 489 3610 non
506 3536 584 3628 1”);
611 3533 722 3634 qnod
741 3506 1100 3634 qnum'vetustatis
1121 3512 1433 3635 amatores,'qui
1458 3532 1594 3634 ipsum
1620 3536 1673 3614 in

262 3818 328 3886 150)
345 3818 425 3870 Sem
443 3818 463 3868 l.
483 3816 527 3870 10.
545 3816 581 3870 ta
593 3835 664 3887 aqu,
688 3821 720 3871 ci.
739 3818 863 3891 Madvigii
880 3786 982 3887 opuscc.
1000 3835 1024 3887 p.
1038 3817 1100 3871 toa.

162 3942 170 3955 ·
263 3912 325 3979 tat)
343 3914 423 3965 Serui.
441 3911 461 3964 l.
479 3910 507 3965 d.
524 3911 578 3976 te,
602 3916 634 3968 cf.
653 3914 818 3967 Cunnbouus
833 3932 859 3984 p.
872 3915 929 3968 2⁷0
940 3932 995 3984 sqq.
1013 3921 1039 3966 et
1055 3915 1143 3965 detine
1161 3915 1194 3967 de
1211 3912 1278 3966 ene
1296 3908 1416 3962 Plaudet)
1432 3926 1458 3978 p·
1469 3904 1578 3977 flulti·

263 4006 325 4075 tat)
343 4008 423 4060 Serra.
441 4005 461 4075 l,
479 4004 506 4056 4.
524 4004 624 4081 8sqq.‚
648 4026 698 4080 qno
717 4009 748 4060 de
765 4008 822 4061 loco
839 4014 946 4062 nonest
963 4008 1032 4077 quod
1048 4006 1166 4077 pluribus
1184 4008 1309 4062 diuum
1325 4010 1386 4075 port
1402 4003 1434 4058 F.
1447 4005 1478 4055 Α.
1490 4002 1628 4062 woltun
1648 4012 1681 4067 ἰι
