3548 4514
778 374 787 391 ,
851 266 922 372 39

145 497 356 602 poetarum
388 496 516 574 verbis
548 519 645 573 cum
676 495 815 597 putida
851 493 1087 572 eruditionis
1125 493 1389 572 ostentatione
1424 506 1622 595 praestare

136 665 310 763 poterat.
360 648 512 801 Apud
518 651 724 728 Romanos
759 672 853 726 vero
892 648 1151 749 ingeniorum
1187 645 1388 725 culturam
1429 670 1523 723 cum
1562 647 1619 724 rei

148 802 330 906 publicae
362 750 526 877 sanitate
559 799 658 878 adeo
683 823 771 877 non
804 797 1036 875 convenisse
1063 808 1234 885 constat,
1267 809 1316 873 ut
1339 798 1621 899 ingruentibus

91 1026 94 1031 .
148 952 318 1029 demum
342 948 592 1051 propinquae
617 951 759 1029 ruinae
786 949 946 1030 indiciis
973 948 1088 1052 quasi
1114 948 1158 1024 in
1183 962 1348 1049 portum
1372 950 1547 1052 aliquem
1575 951 1629 1028 ad-

146 1103 355 1181 literarum
381 1100 512 1179 studia
541 1096 796 1200 confugerint
826 1125 960 1203 neque
986 1111 1101 1181 antea
1132 1098 1183 1177 ad
1212 1124 1425 1176 summum
1451 1099 1632 1201 poeticae-

147 1251 243 1332 artis
260 1247 463 1351 fastigium
479 1249 752 1351 pervenerint,
778 1274 901 1351 quam
918 1251 1086 1352 pristina
1107 1249 1267 1329 libertas
1286 1251 1330 1328 in
1345 1251 1472 1328 unius
1493 1250 1629 1329 homiae

150 1403 216 1483 nis
249 1401 567 1481 dominationem
602 1402 821 1480 transiisset
828 1430 840 1496 3
881 1403 991 1505 quod
1024 1404 1095 1479 etsi
1131 1403 1359 1503 probibuit,
1403 1405 1627 1505 quominus

148 1555 202 1637 ad
227 1568 354 1633 cetera
379 1551 510 1656 po’esis
535 1576 678 1655 genera
710 1576 800 1632 eam
825 1554 1066 1633 alacritatem
1093 1551 1347 1653 caloremque
1374 1574 1420 1628 ex
1446 1552 1632 1652 genuino·

150 1707 253 1786 vitae
282 1704 392 1785 fonte
422 1705 593 1808 petitum
625 1700 829 1798 afferrent,
868 1705 939 1807 qui
973 1707 1219 1782 Graecorum
1251 1702 1497 1782 carminibus
1530 1701 1632 1780 divis

151 1884 250 1938 nam
275 1860 387 1938 illam
411 1856 668 1937 dulcedinem
693 1854 925 1961 formaeque
958 1883 1053 1937 cum
1086 1856 1393 1960 ipsissensibus
1419 1854 1626 1934 concinni·
1678 1912 1682 1920 .

153 2024 276 2090 taem
299 2010 468 2103 tudun,
503 1994 644 2088 saetae
675 2024 811 2089 nmen
843 2012 1041 2114 originem
1072 2012 1221 2125 duplici
1248 2012 1298 2088 ae
1323 1979 1441 2089 causa
1467 2008 1627 2109 adjuvit
1718 1986 1722 1993 ’

94 2232 101 2247 .
153 2163 339 2241 Primum
366 2163 475 2257 enim
501 2175 728 2267 opportune
753 2164 911 2256 accidit,
937 2178 986 2242 ut
1006 2166 1149 2245 eodem
1168 2180 1366 2266 tempore,
1392 2188 1474 2264 quo
1494 2185 1628 2242 mores

152 2312 360 2413 corrumpi
405 2309 655 2411 coepissent,
691 2333 828 2387 recens
870 2323 1081 2411 poetarum
1121 2326 1337 2414 proventus
1378 2325 1628 2405 nasceretur,

155 2487 332 2567 qnorum
357 2457 492 2539 unum
517 2459 735 2539 alterumve
767 2473 871 2538 certe
905 2459 1008 2539 illud
1033 2480 1196 2564 quoque
1220 2479 1506 2566 argumentum
1532 2467 1629 2544 arri·

154 2636 249 2716 pere
269 2625 586 2690 consentaneum
604 2624 704 2702 erat;
736 2610 882 2689 deinde
904 2612 1043 2689 eadem
1064 2616 1347 2693 Romanorum
1368 2618 1631 2719 ingeniorum·

156 2759 440 2853 conformatio,
464 2785 567 2863 quae
588 2763 809 2856 obstiterat,
835 2787 888 2841 ne
912 2776 982 2842 aut
1001 2773 1074 2844 sua
1099 2787 1217 2867 opera
1238 2792 1380 2845 sensus
1402 2794 1497 2847 suos
1521 2783 1635 2850 tanta
1749 2764 1751 2768 ⁸

158 2912 348 2992 carminis
380 2912 581 3008 varietate,
616 2927 808 3017 quantam
837 2918 1081 2994 Graecorum
1111 2939 1211 2995 vena
1243 2917 1357 2997 beata
1381 2918 1630 3022 profuderat,

81 3090 85 3097 ·
158 3066 403 3145 declararent
431 3065 569 3144 autin
595 3065 800 3144 imitandis
824 3065 1001 3144 illorum
1018 3066 1208 3169 exemplis
1233 3067 1405 3168 lyricum
1432 3066 1628 3146 fervorem

156 3218 242 3321 pari
274 3216 499 3296 formarum
529 3214 776 3293 volubilitate
807 3229 1087 3317 sequerentur,
1121 3196 1210 3320 ipso
1242 3219 1354 3320 quasi
1381 3216 1527 3320 frigore
1553 3242 1629 3296 suo

132 3348 304 3461 effecit,
329 3381 377 3443 ut
395 3367 457 3448 vel
481 3364 701 3467 singulares
725 3387 885 3458 sensus,
912 3390 1014 3468 quos
1036 3365 1166 3445 subita
1188 3366 1411 3471 indignatio
1431 3371 1632 3463 movisset,

158 3518 265 3596 inter
301 3517 608 3596 enuntiandum
647 3513 940 3616 obrigescerent
976 3524 1145 3619 eamque
1184 3519 1357 3620 speciem
1397 3519 1630 3613 induerent,

160 3695 282 3774 quam
321 3670 415 3747 alias
454 3679 559 3745 certa
597 3678 753 3744 tantum
793 3677 833 3743 et
865 3665 982 3745 firma
1016 3667 1148 3769 epicae
1183 3681 1224 3745 et
1257 3668 1470 3746 didacticae
1500 3670 1631 3770 poesis

160 3832 397 3922 argumenta
417 3818 609 3920 gererent
649 3816 779 3918 Atque
797 3815 874 3894 hoc
891 3816 1027 3918 ipsum
1050 3831 1126 3912 est,
1152 3818 1263 3920 quod
1282 3818 1467 3921 superius
1489 3835 1631 3923 quarto
