3532 4544
833 300 842 315 '
957 272 1031 414 lo

246 536 387 640 ‘graves
404 537 506 616 mihi
524 538 769 617 adversarios
783 539 1081 641 impugnandos
1100 563 1185 617 csse
1199 539 1433 642 intelligam,
1454 553 1590 616 tamen
1607 562 1734 641 quan·

256 680 343 767 tum
360 687 521 765 nomini
540 688 664 782 deest,
684 688 912 790 disputandi
927 690 1129 790 diligentia
1144 703 1185 766 et
1198 703 1531 790 argumentorum
1548 692 1736 791 pondere

256 861 514 939 compensare
533 839 720 918 conabor.

954 976 1137 1080 Π..

354 1148 558 1242 Quoniam
593 1159 727 1225 autem
761 1149 805 1225 in
837 1148 950 1225 omni
983 1148 1307 1248 interpretatione
1333 1128 1394 1225 ¹ita
1429 1148 1732 1248 procedendum

256 1315 330 1392 est,
356 1302 409 1375 'ut
437 1301 619 1400 primum
650 1295 852 1378 tentemus
885 1301 984 1402 quid
1015 1324 1087 1400 per
1116 1298 1277 1401 linguae
1303 1299 1408 1399 leges
1435 1298 1735 1400 antiquitatisve

255 1426 612 1528 memoriam-ferri
637 1453 779 1554 possit,
806 1452 1068 1539 deinderero
1092 1450 1200 1528 inter
1224 1451 1322 1528 baec
1343 1452 1429 1552 ipsa
1454 1475 1540 1544 eam
1570 1466 1736 1528 senten·

254 1600 350 1677 tiam
382 1599 592 1701 eligamus,
624 1630 726 1709 quae
758 1607 928 1683 internis
960 1605 1185 1683 rationibus
1215 1602 1499 1704 scriptorisque
1524 1603 1734 1704 proposito

254 1750 424 1827 maxime
441 1744 767 1846 commendetur,
793 1777 845 1829 ne
870 1765 942 1830 aut
960 1752 1141 1891 primqm
1165 1775 1368 1854 quemque
1391 1776 1556 1828 sensum
1579 1766 1735 1880 temere

254 1924 489 2002 sequamur,
515 1915 585 1977 aut
601 1901 645 1976 in
663 1901 733 1992 iis,
760 1923 861 2000 quae
881 1899 1037 1977 nullam
1057 1898 1228 2027 omnino
1248 1900 1533 2001 probabilitatis
1556 1872 1730 2003 speciem

252 2049 442 2142 habeant,
475 2065 630 2152 praeter
658 2050 936 2127 necessitatem
967 2030 1257 2140 immoremur3
1289 2048 1367 2126 hoc
1398 2052 1563 2152 quidem
1595 2054 1730 2131 statim

251 2201 295 2276 in
330 2199 473 2277 limine
509 2200 789 2301 disputationis
827 2197 942 2278 facile
979 2199 1188 2318 profiteor,
1229 2201 1339 2302 quod
1375 2225 1461 2278 non
1499 2202 1634 2279 solum
1668 2217 1732 2281 tot

252 2355 464 2431 doctorum
485 2355 533 2432 ab
552 2367 724 2452 utraque
746 2363 856 2452 parte
880 2351 1073 2473 stantium
1092 2310 1352 2443 libramento,
1366 2334 1448 2430 sed
1469 2354 1588 2430 etiam
1610 2377 1729 2455 argu·

178 2502 179 2505 ‘
251 2504 399 2580 mentis
430 2501 693 2581 demonstrari
727 2515 876 2603 potest,
917 2503 1066 2615 nerrtri·
1086 2525 1225 2580 earum
1258 2502 1586 2604 explicationum,
1627 2531 1730 2606 quas

252 2654 405 2732 Horatii
427 2655 545 2732 verba
566 2652 765 2730 invenisse
788 2652 887 2744 dixi,
914 2651 1049 2729 deesse
1073 2652 1223 2753 quibus
1247 2674 1289 2727 se
1312 2651 1483 2729 tueatur.
1520 2657 1728 2734 Nimirum

174 2876 182 2891 ,
252 2782 449 2881 sermonis
465 2801 619 2904 legibus
639 2802 748 2904 quod
766 2815 962 2902 repugnet
976 2804 1020 2875 in
1041 2825 1184 2919 eorum
1210 2801 1280 2909 qui
1297 2803 1478 2911 Ennium
1497 2806 1733 2906 praefenmt

237 2956 445 3068 ⁸sententia
462 2956 568 3033 nihil
584 2957 716 3030 inesse
734 2966 876 3052 sponte
893 2965 1020 3053 patet;
1045 2976 1179 3054 neque
1198 2967 1269 3032 aut
1287 2954 1391 3034 illud
1411 2959 1545 3059 negari
1569 2961 1728 3059 poterit,

252 3107 435 3185 Ennium
454 3131 548 3182 cum
569 3073 728 3185 Graecis
748 3101 1056 3207 junioribusque
1073 3108 1354 3185 Romanorum
1372 3110 1499 3211 poetis
1522 3136 1725 3214 compara·

252 3273 341 3335 tum
366 3219 485 3329 nedem
510 3257 588 3334 dici
613 3256 809 3358 potuisse,
834 3269 906 3333 aut
930 3255 1066 3335 satiras
1091 3257 1226 3356 ipsum
1253 3272 1345 3336 ante
1369 3257 1574 3336 Lucilium
1602 3263 1725 3360 scrip·

252 3410 367 3498 sisse;
408 3430 509 3508 quae
534 3432 665 3508 quum
691 3407 745 3485 ita
775 3408 873 3499 sint,
910 3407 1034 3484 modo
1058 3430 1111 3482 ne
1138 3407 1229 3509 quis
1253 3406 1461 3508 Doelingii
1488 3410 1723 3511 opinionem

252 3574 459 3663 sequatur,
491 3560 561 3661 qui
590 3557 731 3632 Graecis
755 3561 917 3631 intactum
942 3583 1078 3635 eumn·
1103 3558 1152 3637 ad
1176 3557 1397 3636 Annalium
1423 3534 1546 3638 libros
1577 3559 1724 3638 referre

251 3712 408 3804 maluit,
426 3710 633 3789 literarum
651 3736 814 3813 quoque
830 3712 1019 3790 historiae
1037 3713 1129 3791 satis
1147 3706 1328 3791 constare
1343 3711 1553 3807 videbitur.
1588 3712 1721 3788 Anna-

252 3865 354 3942 lium
385 3865 496 3940 enim
527 3887 655 3966 genus
687 3868 894 3968 quomodo
922 3865 1064 3941 Graecis
1089 3867 1249 3939 mtaotum
1273 3864 1408 3955 suerit,
1443 3876 1533 3963 post
1558 3873 1616 3939 tot
1641 3887 1723 3940 car-

251 4015 362 4090 mina
395 4011 645 4114 genealogica
677 4027 718 4090 et
749 4013 957 4104 historica,
994 4016 1092 4115 quot
1124 4027 1163 4090 et
1199 4014 1247 4092 ab
1281 4015 1445 4093 Homeii
1478 4015 1723 4117 Hesiodique
