3548 4514
919 166 991 273 lt

217 398 359 478 kenius
391 398 493 478 salso
526 396 631 475 dicto
659 395 905 499 perstrinxit,
940 410 1132 499 tanquam
1159 398 1303 475 Sardos
1334 397 1490 476 venales
1521 398 1684 478 alteram

112 640 118 658 ³
217 552 337 631 altera
373 551 612 652 nequiorem
647 572 731 625 esse
759 547 821 647 ⁴³);
865 562 1103 650 tantumque
1135 549 1262 642 abest,
1304 564 1351 626 ut
1386 551 1684 646 Quinctilianus

216 701 506 780 inconstantiae
526 699 700 777 accusari
727 700 882 802 sibique
904 701 979 801 ipsi
1004 693 1226 801 repugnare
1247 700 1369 779 videri
1387 706 1528 805 possit,
1554 730 1683 807 quum

218 855 378 933 duobus
410 852 620 953 generibus
653 853 848 930 distinctis
880 855 1118 932 varroniani
1157 854 1353 954 originem
1385 856 1540 933 Lucilio
1576 871 1684 935 ante·

217 1020 357 1108 ponat,
382 1020 429 1083 ut
451 1006 536 1107 ipsa
560 1003 626 1082 illa
645 1007 913 1084 varronianae
935 1007 1074 1089 satirae
1100 1005 1380 1106 descriptione,
1408 1029 1486 1107 qua
1507 1030 1594 1084 eam
1613 1034 1684 1081 non

215 1124 506 1234 catecuminum
537 1158 701 1230 potetate
733 1158 872 1227 matam
901 1157 1017 1248 dixit,
1053 1158 1171 1235 etiam
1197 1158 1465 1261 antiquiorem
1493 1155 1578 1257 ejus
1603 1156 1682 1235 sor·

120 1348 124 1353 ·
216 1333 326 1391 mam
347 1308 470 1385 fuisse
488 1308 650 1398 innuat,
676 1306 758 1384 sola
781 1304 929 1384 scilicet
946 1309 1172 1407 carminum
1197 1312 1378 1388 varietate
1399 1310 1680 1410 compositum,

215 1462 326 1564 quod
356 1465 483 1539 Varro
518 1442 685 1536 demum
720 1459 911 1559 pedestris
947 1467 1145 1537 sermonis
1177 1461 1355 1561 partibus
1387 1460 1601 1560 interjectis
1634 1464 1683 1542 ad

216 1633 305 1693 eam
330 1608 482 1688 formae
515 1607 735 1686 libertatem
762 1608 950 1699 evexerit,
985 1632 1107 1709 quam
1133 1632 1208 1685 nos
1234 1635 1397 1712 quoque
1424 1623 1462 1687 et
1487 1612 1683 1712 exipsius

216 1759 397 1861 reliquiis
431 1771 470 1835 et
500 1781 549 1836 ex
575 1761 742 1835 Senecae
768 1756 1025 1857 Petroniique
1058 1756 1170 1833 libris
1202 1759 1422 1836 existimare
1453 1785 1681 1861 possumus.

216 1911 348 2011 Hujus
374 1924 508 1989 autem
534 1908 771 2010 antiquioris
796 1905 947 1985 formae
972 1933 1097 2009 quem
1124 1911 1257 2013 potius
1280 1911 1502 2013 principem
1524 1936 1567 1991 ac
1590 1937 1682 1989 eon·

217 2064 387 2142 ditorem
420 2062 601 2139 dicamus
638 2082 761 2160 quam
797 2057 931 2157 ipsum
964 2060 1145 2136 Ennium
1182 2087 1268 2139 non
1300 2063 1516 2157 habemus,
1551 2088 1685 2166 neque

216 2218 300 2316 ipse
326 2215 586 2292 casaubonus
618 2208 877 2305 Quinctiliani
910 2210 1027 2288 verba
1057 2212 1170 2288 aliter
1203 2215 1385 2314 explicari
1418 2239 1534 2315 posse
1564 2215 1682 2292 intel·

218 2366 314 2444 lexit
335 2368 398 2461 ⁰⁴);
433 2386 535 2464 quae
561 2387 689 2462 quum
716 2362 770 2438 ita
795 2360 893 2450 sint,
919 2359 1022 2435 nihil
1046 2359 1205 2461 planius
1232 2385 1316 2440 esse
1339 2366 1534 2457 videatur,
1560 2391 1683 2468 quam

217 2543 330 2609 eum,
361 2516 431 2616 qui
462 2515 605 2615 prioris
638 2514 793 2616 generis
818 2513 1003 2614 princeps
1029 2525 1146 2614 atque
1170 2513 1356 2592 inventor
1380 2516 1587 2594 habendus
1614 2518 1684 2610 sit,

217 2695 303 2746 non
328 2667 447 2745 etiam
473 2663 668 2742 Luciliani
694 2663 770 2739 hoc
805 2674 863 2739 est
886 2662 1116 2762 posterioris
1142 2664 1297 2763 generis
1323 2676 1526 2739 auctorem
1552 2664 1683 2764 appel·

218 2821 288 2896 lari
326 2818 514 2919 potuisse.
563 2811 800 2890 Welckerus
837 2823 939 2887 certe
977 2810 1087 2909 quod
1123 2835 1209 2886 non
1242 2811 1361 2888 Ennii
1397 2810 1467 2886 sed
1502 2813 1682 2914 Menippi

220 2992 355 3058 causa,
385 2965 499 3066 cujus
525 2964 574 3043 ab
599 2960 820 3038 imitatione
841 2956 1031 3036 Varronis
1057 2959 1174 3037 satira
1199 2960 1432 3060 Menippeae
1459 2983 1681 3061 cognomen

220 3118 384 3218 accepit,
422 3115 546 3233 nujus
584 3112 755 3190 sormam
793 3110 969 3212 priorem
1003 3109 1080 3186 dici
1115 3110 1251 3187 statuit
1275 3110 1339 3211 ⁴⁶),
1376 3111 1419 3188 in
1449 3111 1681 3190 Latinarum

286 3395 336 3475 ᾧ)
354 3394 393 3445 Ct'.
412 3390 592 3460 Wyttenbsctr.
611 3393 655 3444 stt
672 3389 804 3443 nutum
821 3407 847 3458 p.
859 3390 919 3444 221.

288 3509 338 3573 Μ)
357 3509 395 3560 Ct'.
407 3509 487 3575 ipsius
501 3505 593 3566 verbs,
611 3504 702 3573 quibus
720 3520 819 3556 sainna
836 3504 1018 3572 disputationis
1034 3499 1270 3570 comprehenditur,
1287 3516 1313 3570 p.
1327 3502 1396 3558 {992
1413 3504 1534 3556 κὴίηαι
1545 3500 1591 3554 hee
1603 3501 1684 3555 vetuit

226 3603 336 3662 Fabiam,
359 3601 484 3658 satiram,
509 3599 537 3648 iss
554 3615 605 3666 qm
625 3597 710 3648 Varro
726 3597 837 3658 claruit,
856 3615 913 3648 essse
931 3599 1017 3670 ipsasss
1034 3614 1089 3649 esse
1105 3614 1183 3668 quem
1200 3596 1296 3648 vmset
1310 3601 1465 3671 scriptores,
1483 3614 1590 3669 warum
1604 3595 1684 3668 [aes'le

234 3702 340 3770 ›rtmps
355 3688 765 3773 Enntm,'tttustmmst,3tu
784 3693 903 3745 interesse
920 3702 1035 3755 tantm,
1053 3690 1122 3764 quod
1138 3692 1182 3744 ilii
1196 3692 1253 3744 esis
1270 3701 1407 3743 ssetnm
1421 3689 1548 3743 serietate
1563 3695 1684 3762 palmeta

241 3812 270 3844 sa
288 3793 403 3860 satyrica
421 3789 586 3849 condierant,
608 3789 742 3843 Terentius
758 3805 819 3840 vers
837 3789 914 3840 etism
930 3806 1037 3859 presses
1053 3788 1153 3839 satim
1169 3805 1233 3839 sesae
1249 3787 1385 3839 ntum*

290 3907 338 3960 ttt
355 3905 510 3959 Wclciserss
528 3905 561 3956 sd
579 3903 721 3960 Thesnid.
738 3902 828 3960 reliqu
845 3918 871 3960 p.
884 3901 968 3953 xcii!
