3548 4514
755 288 898 397 -rl

121 543 266 598 corum
284 465 411 621 po'e‘tis
431 518 551 620 longe
569 482 867 620 praestiterrmt,
894 518 1004 620 quod
1024 518 1250 596 recentibus
1266 520 1418 598 viribus
1435 521 1485 602 ad
1504 543 1592 602 earn

121 696 211 757 rem
244 684 517 763 accessenmt3
559 670 672 774 quod
702 658 735 748 ti
766 668 828 749 vel
855 669 900 749 in
927 671 975 747 iis
1004 670 1266 773 argumentis,
1304 695 1405 773 quae
1433 674 1591 755 dudum

14 902 17 909 ,
106 816 257 927 'opicae
279 822 410 922 po'e‘sis
436 820 595 922 propria
623 832 752 911 erant,
789 816 972 920 aequales
995 821 1164 897 Graecos
1190 818 1310 921 longe
1334 838 1590 924 superarunt,

121 952 227 1052 nova
245 971 426 1062 materia,
447 996 571 1074 quam
589 984 819 1075 temporum
841 971 1063 1073 corruptela
1080 971 1345 1073 indignationi
1364 988 1404 1067 et
1415 974 1593 1055 ludibrio

119 1123 350 1229 praebebat,
372 1121 434 1199 rel
456 1122 499 1197 in
521 1119 649 1199 forma
671 1123 914 1200 extrinsecus
937 1135 1092 1223 accepta
1113 1146 1221 1200 novo
1244 1123 1433 1203 carminis
1454 1127 1588 1227 generi

121 1272 331 1361 condendo
361 1271 563 1374 aptissima
589 1283 684 1349 erat.
862 1236 870 1251 ⁶

220 1584 280 1661 Ne
305 1580 401 1682 quis,
421 1593 556 1658 tamen
586 1580 683 1659 haec
709 1581 864 1674 omnia,
898 1603 999 1684 quae
1025 1582 1149 1660 modo
1175 1583 1225 1662 de
1250 1583 1366 1661 satira
1392 1586 1589 1667 Romanis

101 1720 338 1813 'domestica
371 1732 678 1833 disputavimus,
709 1757 795 1809 non
827 1735 965 1809 minus
997 1733 1042 1807 in
1066 1733 1187 1809 Ennii
1220 1754 1343 1833 quam
1373 1733 1418 1809 in'
1444 1737 1587 1813 Lucilii

121 1866 283 1963 landem
303 1885 514 1962 convenire
532 1896 687 1991 arguat,
711 1885 893 1986 primum
913 1883 1213 1983 recogitandum
1233 1896 1307 1975 est,
1333 1896 1456 1963 totam
1477 1885 1585 1965 illam

102 2020 263 2117 'satirae
288 2036 614 2137 descriptionem,
648 2060 770 2137 quam
797 2059 819 2113 a
847 2038 1090 2112 Graecorum
1116 2032 1286 2134 ingeniis
1310 2031 1483 2113 alienam
1508 2036 1589 2113 sin·

120 2185 250 2292 gulari
273 2201 430 2264 tanturn
447 2188 728 2263 Romanorum
746 2144 977 2281 temporum
990 2169 1309 2259 conformationi
1334 2182 1468 2260 deberi
1491 2185 1589 2282 dixi,

121 2359 146 2414 a
176 2335 383 2415 Luciliano
416 2343 573 2409 tantum
610 2328 726 2407 satira
759 2328 929 2429 petitam
956 2353 1057 2420 esse,
1097 2330 1226 2430 qualis
1259 2344 1311 2409 et·
1329 2357 1375 2409 ex
1408 2347 1589 2413 vetemm

121 2482 361 2565 testimoniis
403 2493 442 2557 et
481 2500 528 2554 ex
565 2477 718 2555 Horatii
759 2476 1013 2577 aliorumque
1051 2476 1275 2555 imitatione
1315 2484 1589 2581 cognoscitur3

101 2630 268 2711 'deinde
298 2629 360 2705 vix
394 2624 608 2705 verisimile
642 2638 703 2703 est
731 2627 933 2720 Ennium,
965 2626 1043 2743 ⁵qui
1075 2637 1183 2702 totus
1214 2651 1236 2704 a
1264 2633 1422 2708 Graecis
1456 2658 1589 2715 exem·

122 2782 300 2887 plaribus
321 2781 528 2881 pependit,
554 2746 712 2860 tantum
731 2777 884 2858 facinus
904 2779 991 2857 sine
1011 2778 1176 2857 illorum
1194 2781 1423 2860 auctoritate
1444 2806 1590 2862 ausum

75 2946 82 2969 ²
118 2956 226 3025 ‚esse3
264 2944 465 3032 postremo
494 2929 580 3031 ejus
612 2928 783 3024 sormae,
805 2955 896 3033 qua
922 2932 1005 3011 sola
1033 2931 1155 3009 Ennii
1186 2933 1322 3011 satiras
1353 2935 1589 3036 conspicuas

42 3082 65 3139 Ἀ
122 3080 246 3163 fnisse
266 3095 434 3173 constat,
460 3080 652 3180 undeque
669 3081 804 3181 ipsum
824 3070 995 3160 illarum'
1008 3107 1161 3159 nomen
1182 3083 1349 3161 ductum
1370 3107 1455 3162 esse
1473 3109 1591 3187 supe·

23 3232 50 3283 ’
112 3218 208 3311 ”rius
229 3232 419 3324 diximus,
447 3254 499 3307 ne
520 3231 627 3307 inter
649 3235 818 3309 Graecos
839 3233 1004 3335 quidem
1027 3234 1204 3335 exempla
1223 3233 1388 3326 desunt,
1413 3260 1591 3336 quorum

64 3424 67 3429 ·
110 3346 175 3464 'ad
206 3381 513 3461 similitudinem
547 3379 616 3459 ille
650 3382 826 3459 carmina
857 3395 1081 3460 metrorum
1114 3383 1296 3461 varietate
1329 3381 1450 3459 mixta
1483 3408 1591 3462 com·

10 3566 18 3587 ·
57 3614 66 3635 ‚
109 3535 305 3639 ,posuisse
330 3533 520 3637 videatur,
577 3534 694 3613 Mitto
721 3535 1007 3614 Chaeremonis
1037 3540 1286 3614 Centaurum
1317 3533 1399 3634 jam
1429 3536 1475 3613 ab
1504 3536 1591 3614 Ari-

10 3770 14 3779 ,
125 3686 263 3764 stotele
297 3697 656 3801 commemoratum
681 3683 757 3784 ¹¹³),
789 3688 980 3787 turoniam
1017 3687 1066 3763 de
1098 3686 1251 3787 reliqua
1285 3685 1370 3788 ejus
1404 3690 1593 3768 carminis

125 3848 491 3871 W

195 3931 258 3997 tta)
275 3932 381 3985 tristor.
399 3932 495 3986 Pretio.
512 3930 532 3983 1.
551 3930 600 3988 rs:
628 3927 759 3999 autriaco
778 3925 934 3998 Χαιρήμων
952 3926 1064 3999 traebat
1082 3927 1260 3996 discovers,
1284 3925 1382 3997 μικτήν
1397 3926 1544 4004 ῥαψῳδίαν
1559 3927 1593 3989 tt
