3548 4514
798 295 874 403 49

95 516 252 607 deliciis
281 524 482 605 habebant
511 528 587 622 ¹⁸⁸),
626 536 771 627 negare
802 521 865 604 vel
899 522 1084 604 excusare
1115 539 1378 623 conarentur,
1419 528 1568 633 duplici

95 679 224 759 modo
254 680 467 780 procedere
493 692 697 779 poterant,
727 693 775 756 ut
802 702 897 755 eum
923 692 993 757 aut
1017 680 1376 781 praestantissimos
1400 684 1444 760 in
1469 709 1569 788 quo·

97 855 180 935 que
203 855 346 932 genere
374 830 631 931 superiorum
655 829 865 931 poitarum
891 850 1099 930 superasse
1126 832 1401 928 ostenderent,
1431 837 1570 913 autin

96 1002 176 1063 mo
197 1005 342 1083 genere
366 1003 410 1058 ac
432 980 668 1058 condicione
695 970 887 1080 singulari
913 978 1056 1056 eximia
1080 979 1320 1080 praestitisse
1343 997 1569 1076 monerent,

95 1131 330 1233 horumque
369 1143 700 1230 argumentorum
741 1130 791 1207 ad
824 1142 1047 1229 utrumque
1086 1152 1132 1206 ex
1167 1145 1303 1212 nostra
1336 1094 1588 1236 interprete-¹

92 1282 207 1363 tione
228 1280 415 1359 Horatius
434 1292 539 1357 recte
560 1281 785 1382 respondet
820 1281 924 1360 Nam
945 1244 1042 1359 sica
1062 1293 1220 1360 tantum
1242 1287 1434 1365 sententia
1455 1301 1568 1382 esset,

95 1433 341 1537 utprimum
360 1430 543 1508 Ennium
559 1432 604 1508 in
621 1432 768 1525 satiris,
796 1430 940 1509 deinde
961 1430 1158 1532 reliquam
1177 1458 1342 1514 omnem
1363 1437 1569 1516 seniorum

93 1584 259 1663 turbam
298 1602 505 1680 superasse
547 1580 763 1671 diceretur,
807 1576 978 1657 alterum
1018 1576 1140 1655 altero
1175 1577 1256 1678 jam
1294 1560 1572 1666 contineretur

97 1742 173 1815 n'ec
197 1754 343 1833 magna
368 1726 545 1831 profecto
571 1729 775 1806 concessio
800 1740 920 1818 esset,
940 1722 1180 1829 'sequentem
1200 1731 1294 1832 plus
1315 1757 1438 1834 quam
1461 1750 1569 1818 ante·

99 1910 298 1969 cessorem
323 1885 367 1958 in
395 1883 536 1960 eodem
564 1907 708 1985 genere
732 1882 969 1985 praestitisse
977 1908 989 1975 ;
1015 1880 1143 1993 longe·
1158 1881 1286 1984 major
1309 1884 1396 1963 laus
1418 1889 1510 1982 erit,
1535 1894 1567 1968 si

94 2048 195 2117 enm
218 2049 258 2114 et
283 2034 508 2137 superiores
537 2059 677 2111 omnes
704 2047 742 2110 et
768 2054 884 2110 suam
910 2031 1036 2132 ipsius
1063 2032 1341 2113 condicionem
1365 2037 1419 2115 ita
1443 2061 1570 2118 exces-

98 2192 197 2273 cisse
221 2189 295 2280 ait,
319 2198 368 2261 ut
387 2184 566 2261 limatior
584 2182 724 2276 fuerit,
750 2206 873 2285 quam
886 2180 1076 2284 plerique
1092 2182 1158 2262 alii
1174 2185 1220 2261 in
1238 2188 1416 2266 carmine
1432 2148 1569 2268 recens

65 2384 70 2393 ·
97 2341 265 2423 condito
290 2334 417 2414 futuri
450 2334 598 2429 essent3
636 2358 847 2438 quumque
872 2333 949 2412 hoc
975 2334 1139 2413 Horatio
1163 2357 1236 2436 per
1260 2348 1384 2414 totam
1409 2337 1568 2419 satiram
1602 2296 1607 2305 ⁵

100 2492 354 2596 propositum
387 2487 457 2579 sit,
491 2499 539 2562 ut
569 2499 767 2589 quantum
795 2483 920 2586 possit
943 2481 1100 2560 Lucilio
1126 2487 1335 2580 concedat,
1368 2489 1492 2567 modo
1516 2511 1571 2566 ne
1602 2499 1608 2506 ’

87 2664 243 2723 turam
275 2653 314 2717 et
345 2636 591 2738 diligentiam
622 2638 666 2712 in
700 2659 748 2713 eo
773 2633 967 2735 majorem
995 2655 1206 2734 agnoscere
1232 2649 1413 2735 cogatur,
1448 2660 1569 2738 quam
1618 2694 1621 2699 ·
1675 2606 1679 2614 Δ

103 2811 207 2893 qnae
232 2812 276 2865 re
300 2786 390 2864 v'era'
416 2787 459 2862 in
493 2785 577 2887 ejus
604 2786 850 2865 carminibus
881 2797 1082 2886 appareat,
1116 2783 1178 2862 vel
1201 2785 1276 2863 hac
1306 2785 1357 2863 dc
1384 2807 1502 2865 causa
1528 2810 1572 2865 ea

28 2978 31 2983 ·
103 2939 375 3043 interpretatio
397 2936 653 3039 praeferenda
674 2937 766 3034 erit,
792 2957 893 3038 qnae
915 2935 1007 3037 plus
1028 2934 1158 3012 laudis
1175 2935 1220 3011 in
1243 2932 1361 3011 illum
1385 2932 1571 3016 conserat

104 3091 170 3171 dic
205 3091 329 3192 igitur
362 3090 459 3167 haec
498 3088 547 3164 de
585 3085 733 3186 quibus
772 3083 927 3185 agimus
960 3081 1081 3165 ,verba
1117 3106 1212 3159 cum
1248 3085 1570 3163 antecedentibus

10 3318 12 3329 ,
105 3203 337 3329 cohaerent,
361 3249 410 3311 ut
434 3258 477 3311 se
500 3233 545 3308 in
570 3228 726 3308 Lucilio
751 3227 1081 3330 reprehendendo
1105 3227 1232 3328 ipsius
1256 3239 1415 3305 tantum
1442 3249 1570 3304 exem-

10 3364 31 3451 ἰὰ
106 3381 221 3485 plum
255 3379 368 3481 sequi
400 3360 533 3479 neque
565 3374 656 3451 ideo
681 3374 846 3452 virtutes
873 3372 958 3474 ejus
983 3396 1069 3449 non
1096 3394 1308 3473 agnoscere
1334 3371 1456 3464 dicat;
1491 3372 1571 3471 jam

33 3534 38 3539 ’
90 3508 243 3609 ¹antem
267 3526 318 3626 ad
343 3522 547 3624 sequentia
571 3520 624 3599 ita
649 3520 807 3612 transit,
835 3531 883 3595 ut
907 3531 1086 3609 moneat,
1119 3541 1172 3594 ne
1197 3515 1288 3617 quis
1312 3515 1466 3592 Lucilio
1491 3531 1572 3595 tam

102 3756 160 3814 ffl-
177 3759 250 3811 tuat
269 3760 299 3810 T.
314 3758 341 3820 l,
366 3774 391 3825 p.
411 3755 462 3809 183
474 3773 530 3826 sqq.
553 3760 579 3807 ct
596 3753 773 3809 Weiclterttrm
791 3752 824 3802 de
842 3750 870 3800 l..
887 3749 960 3801 varii
975 3754 1002 3802 et
1019 3749 1103 3801 Curtii
1120 3748 1264 3800 ammo
1281 3745 1349 3809 vito,
1375 3745 1479 3801 Grimc
1496 3748 1574 3805 1836,

106 3852 140 3918 8,
165 3870 192 3923 p.
209 3851 264 3904 aet
281 3869 336 3920 sqq.

180 3948 241 3972 unt
266 3947 302 3972 1⁴⁸0
324 3946 351 3972 ΙΙ

352 3962 412 3972 ....
429 3961 498 3972 ....-
526 3945 650 3972 mmm-
677 3943 698 3972 D
723 3939 760 3972 111
796 3955 816 3972 ιι
840 3936 939 3972 mnam
986 3938 1027 3972 mi
1043 3953 1109 3972 nnn
1126 3936 1247 3972 nanneni*
1263 3931 1429 3972 walah-ho
1446 3939 1505 3972 nni}
1530 3935 1567 3972 kt
