3548 4514
206 487 239 562 si
272 448 333 561 rel
367 485 539 566 maxime
573 482 671 567 alter
703 485 753 566 rb
785 484 908 569 utero
922 484 927 492 '
940 485 1118 568 diversus
1149 485 1242 578 sit„
1259 485 1510 571 inventorem
1542 457 1680 589 potius

184 635 357 755 'aristosi
386 659 509 736 qnam
539 633 650 717 hunc
680 631 740 716 illi
771 634 1019 728 antecedere,
1048 660 1183 738 neque
1211 636 1256 719 in
1285 659 1333 713 eo
1363 658 1525 736 genere,
1560 636 1681 737 cujus

137 884 143 897 .
206 788 286 887 iem
314 789 362 869 ab
399 788 476 866 alio
505 799 667 869 auctore
699 788 929 890 exemplum
961 788 1116 868 editum
1152 787 1226 882 sit,
1266 787 1468 873 inventori
1503 788 1678 890 amplius

207 937 344 1019 locum
371 962 456 1019 esse
481 961 611 1042 posse.
652 923 813 1021 Accedit
838 939 948 1039 quod
972 937 1096 1020 Ennii
1124 936 1353 1038 exemplum
1377 953 1530 1039 praeter
1552 945 1679 1027 Pacu·

206 1088 336 1181 vium,
372 1089 442 1190 qui
474 1087 565 1189 ejus⁴
591 1113 639 1166 ex
669 1111 804 1167 sorore
834 1111 960 1188 nepos
986 1085 1079 1182 fuit,
1111 1112 1164 1168 ne
1190 1102 1350 1172 secutus
1377 1087 1542 1191 quidem
1568 1092 1680 1191 qnis-

207 1264 331 1342 quam
356 1238 640 1329 emendetur,
666 1252 800 1338 neque
824 1224 916 1338 ipse'
927 1241 1073 1329 Varro,
1099 1260 1334 1339 qrunquam
1359 1261 1513 1356 nomen
1538 1239 1681 1330 satirae

207 1389 349 1471 eodem
374 1415 456 1490 quo
482 1387 640 1469 Ennius
665 1410 788 1465 seusu
817 1388 868 1473 ad
892 1386 1145 1477 miscellanea
1170 1411 1246 1481 sun
1267 1386 1484 1480 transtulit,
1514 1382 1563 1496 'ip
1588 1389 1681 1491 ipsu

206 1561 325 1637 opere
361 1535 610 1617 instituendo
646 1533 738 1636 plus
774 1535 834 1619 illi
867 1561 990 1638 qrram
1007 1639 1010 1647 Ι
1030 1536 1104 1619 eibi
1142 1537 1357 1622 Graecisve·
1384 1536 1676 1639 exemplaribus

207 1689 363 1779 debuit;
390 1686 568 1765 Lucilius
587 1701 723 1766 autem
741 1689 854 1789 quasi
873 1703 1020 1767 sectam
1040 1689 1166 1781 ducit,
1192 1715 1316 1790 quam
1332 1690 1405 1769 etsi
1418 1690 1606 1775 Horatius
1623 1677 1680 1775 ne

205 1860 246 1913 se
268 1838 434 1939 quidem
459 1851 621 1944 excepto
645 1838 848 1914 minorem
872 1838 1080 1917 inventore
1107 1837 1202 1914 dicit
1216 1843 1292 1938 ¹²⁸),
1315 1842 1358 1924 id
1383 1842 1519 1942 ipsum
1542 1856 1678 1921 tomen

206 1988 381 2072 ostendit
396 1988 516 2064 etiam
531 1986 659 2088 pluris
676 2008 799 2089 quem
815 1986 949 2071 solum
965 1988 1215 2105 inventorem
1227 1993 1430 2072 Lucilium
1442 1994 1677 2086 habendum

205 2163 308 2230 esse,
341 2163 416 2219 nec
448 2152 627 2239 tempore
659 2151 817 2224 tannim
849 2125 1023 2241 reliquis
1046 2135 1321 2244 praecessisse,
1354 2147 1424 2232 sed
1453 2147 1571 2233 etiem
1600 2173 1681 2248 pro*

206 2290 420 2392 exemplari
445 2287 586 2384 fuisse,
620 2289 736 2391 cujus
761 2294 1041 2395 praestantiam
1066 2297 1130 2381 vix
1158 2321 1202 2379 ce
1227 2323 1280 2381 ne
1304 2299 1367 2382 vix
1392 2300 1559 2401 (prudent
1582 2301 1678 2386 itui·

205 2444 326 2525 tando
352 2442 508 2545 assequi
533 2425 707 2543 possent.

855 2579 1021 2687 VIII.

307 2757 376 2847 At,
401 2755 612 2857 inquiunt.
638 2753 735 2833 rode
760 2754 918 2834 westie&
941 2762 1112 2841 auctorem
1138 2755 1325 2838 Horatius
1350 2755 1539 2856 appellat,
1565 2759 1677 2858 quod

205 2904 445 2987 vocabulum
484 2929 580 2983 cum
615 2914 723 2987 ronta
758 2900 903 2987 Lucilii
938 2903 1174 3003 praestantia
1209 2927 1296 2986 non
1333 2903 1540 2997 convenit,
1579 2928 1676 2989 eum

205 3056 338 3132 Ennio
366 3079 460 3131 vero
492 3053 698 3144 convenit,
735 3074 858 3153 quem
886 3051 1005 3128 etlam
1036 3051 1128 3130 alibi
1162 3054 1240 3131 hoc
1273 3055 1513 3155 cognomine
1542 3055 1675 3156 appel·

206 3204 277 3283 lari
304 3202 488 3305 legimus.
512 3201 740 3294 -'Audio;
778 3203 849 3280 sed
877 3215 925 3279 ut
950 3202 1106 3283 mittam
1135 3228 1221 3281 non
1251 3207 1453 3283 miuorem
1479 3207 1601 3284 Ennii
1630 3207 1674 3283 in

205 3499 315 3561 duint,
339 3499 386 3570 φα·
406 3495 587 3570 philosophiae
604 3495 783 3561 auetoritoteor
805 3493 868 3557 dat,
893 3495 941 3564 μί
955 3496 1099 3567 exemplum
1114 3494 1294 3569 philosophice
1315 3495 1437 3549 eolendoe
1451 3498 1567 3570 praebet.
1602 3497 1675 3567 Quid

206 3597 274 3662 qnod
291 3595 347 3663 ipre
365 3594 461 3644 Ennius
478 3594 504 3643 in
523 3592 666 3645 moerori
683 3591 794 3663 genetlrl.
814 3591 960 3665 Ilexirnieni
977 3607 999 3644 e.
1019 3590 1054 3667 Ill
1077 3593 1172 3644 dicitnr
1188 3591 1303 3645 Romani
1319 3593 1443 3646 eamr‘m's
1458 3594 1558 3663 primur
1575 3602 1674 3653 auctor,
1764 3598 1769 3607 '

206 3690 273 3755 quod
291 3690 327 3739 ita
345 3690 446 3739 demun
464 3703 550 3739 rernm
568 3691 621 3747 ert,
639 3684 661 3736 ri
679 3702 728 3759 pon
746 3685 858 3737 omniurn
874 3685 986 3752 primurn
1002 3685 1068 3736 inter
1086 3684 1214 3738 Romrnor
1230 3690 1346 3754 poetam,
1365 3686 1410 3741 sed
1427 3703 1485 3739 enen
1498 3685 1674 3758 intelligimus,

204 3778 277 3847 cujus
294 3780 437 3848 exemplum
452 3778 592 3847 plurimun
609 3781 678 3849 epod
694 3781 869 3849 posteritatem
888 3780 974 3830 veluit.

275 3891 336 3960 128)
360 3894 442 3946 Serm.
458 3894 477 3944 l.
504 3893 546 3947 10.
564 3890 617 3945 Ιθι
647 3891 694 3945 lor
717 3899 775 3944 erat
797 3898 902 3962 experto
923 3889 1025 3960 frustra
1054 3889 1171 3944 Varrone
1195 3890 1308 3946 Atacino
1333 3901 1410 3964 atque
1433 3890 1586 3962 quibudam
1610 3892 1674 3944 aliis

206 3987 296 4039 melius
314 3986 383 4056 quod
398 3987 508 4039 seribere
523 4005 641 4059 ponem,
665 3989 797 4041 inventore
813 3988 896 4039 tritor
913 3990 960 4040 ele·
