3548 4514
842 277 1025 386 32-

146 514 315 588 Graccae
337 507 591 610 ambiguitate
612 506 737 609 repeti
761 531 899 610 posse,
924 528 1025 609 quae
1043 519 1084 584 et
1101 502 1329 587 fabularum
1351 504 1566 584 actionem
1594 521 1634 584 et

146 660 366 760 quamlibet
396 655 816 759 exagitationem'cum
840 657 1016 736 ludibrio
1046 636 1304 758 conjunctam
1328 658 1471 735 eodem
1496 658 1633 736 verbo

145 818 345 910 κωμῳδεῖν
367 809 586 910 appellabat
600 805 662 907 ⁸⁸),
687 830 740 885 ne
766 807 1045 886 Rhinthonem
1072 806 1238 909 quidem
1262 811 1435 912 integras
1462 807 1632 888 fabulas

145 960 382 1040 hexametris
413 960 686 1061 composuisse
719 960 930 1040 verisimile
956 974 1015 1037 est
1036 959 1100 1060 ⁸⁰),
1131 986 1233 1062 quos
1260 962 1293 1038 si
1318 963 1481 1062 quando
1506 961 1629 1040 adhi-

58 1100 67 1117 ’
144 1110 248 1202 buit,
276 1110 417 1189 codem
442 1110 608 1187 consilio
632 1107 742 1203 fecit,
768 1136 850 1211 quo
870 1111 1019 1189 Atticae
1045 1111 1273 1188 comoediae
1293 1113 1410 1213 polita
1428 1113 1625 1191 Cratinus

144 1261 190 1337 in
214 1260 431 1338 Ὀδυσσεῦσι
455 1256 599 1338 fecerat
615 1260 676 1360 90),
700 1275 747 1336 ut
771 1275 949 1339 veterum
977 1262 1183 1365 epicorum
1207 1263 1441 1365 argumenta
1466 1273 1506 1338 et
1528 1285 1625 1340 ora·

147 1411 276 1487 tiones
310 1413 592 1512 spectatoribus
624 1415 808 1494 ridendas
840 1429 1099 1517 proponeret,
1130 1441 1212 1519 quo
1244 1417 1289 1491 in
1322 1439 1463 1518 genere
1492 1427 1625 1492 totarn

143 1562 390 1642 ¹Rhinthonis
416 1566 557 1667 po‘e‘sin
582 1580 775 1645 versatam
799 1588 886 1644 esse
912 1535 1067 1643 constat
1077 1568 1140 1662 91);
1168 1564 1278 1668 quod
1296 1578 1430 1641 autem
1451 1536 1625 1643 fuerunt

145 1711 290 1817 quibus
322 1716 406 1818 ipsa
439 1717 584 1794 Lucilii
619 1718 736 1795 satira
770 1719 821 1794 ad
852 1716 931 1792 hoc
962 1702 1221 1816 parodiarum
1253 1740 1380 1816 genus
1411 1713 1623 1793 referenda

144 1869 344 1947 videretur
358 1869 419 1968 ⁹⁹),
444 1892 577 1968 neque
601 1865 834 1968 fragmentis
856 1891 959 1968 quae
980 1880 1132 1944 exstant
1154 1892 1286 1969 neque
1305 1881 1485 1945 veterum
1509 1868 1620 1943 testi·

145 2021 295 2096 moniis
322 2019 486 2120 ipsaque
512 2016 702 2112 carminis
727 2015 863 2093 indole
889 1980 1119 2094 confirmari
1146 2017 1325 2094 arbitror.
1367 2015 1482 2095 Gellii
1506 2016 1624 2095 enim

144 2167 337 2257 narratio,
363 2136 441 2266 qua
456 2166 659 2244 Lucilium
686 2180 911 2245 ceterorum
941 2168 1152 2270 potuum
1179 2167 1355 2245 carmina
1380 2169 1625 2247 obtrectasse

145 2320 200 2398 ait
212 2322 275 2420 ⁹³),
300 2345 386 2396 non
407 2319 498 2421 plus
521 2320 662 2419 probat
682 2344 805 2429 quam
829 2319 940 2421 quod
961 2320 1069 2421 apud
1089 2320 1302 2403 Horatium
1325 2315 1496 2420 legimus
1517 2288 1621 2399 eum

146 2495 263 2544 coctu
286 2470 397 2543 Εηοιίί
417 2475 585 2572 pavide
609 2476 756 2548 missores
781 2473 913 2550 risisse
932 2478 997 2570 ⁹⁴),
1031 2472 1109 2550 hoc
1135 2485 1401 2579 estsummae
1426 2472 1622 2553 libertatis

147 2624 347 2726 exactique
376 2622 514 2724 judicii
538 2624 768 2720 hominem,
800 2653 931 2728 quum
955 2627 1142 2706 universa
1166 2624 1395 2728 aequalium
1420 2625 1513 2705 vitia
1539 2627 1619 2704 sibi

214 2877 259 2945 88)
283 2881 322 2932 ct
341 2880 453 2934 Pcr’non.
476 2884 510 2934 ad
525 2880 623 2934 Aclinn.
641 2879 701 2932 Var.
719 2877 786 2931 fltst
804 2877 836 2930 lt
848 2877 906 2940 ¹15.
929 2894 956 2947 Ρ.
974 2874 1038 2929 104.
1074 2875 1141 2932 Hinc
1163 2876 1241 2928 ctiam
1265 2875 1357 2932 σιλλοὶ
1377 2876 1516 2947 ποιήσεως
1538 2876 1619 2944 εἶδος

145 2972 268 3042 κωμικῆς
284 2975 354 3043 cputl
369 2975 487 3027 natust.
504 2977 538 3027 ccl
556 2976 630 3028 llicd.
647 2974 679 3026 tt
698 2974 759 3026 212

59 3062 64 3073 ’
215 3069 264 3135 99)
284 3070 322 3121 Cf.
340 3070 474 3122 licutcnsii
489 3069 589 3122 collect
601 3068 696 3122 litem.
720 3068 802 3140 tuga.
814 3068 843 3119 B.
857 3060 933 3120 1815.
951 3065 985 3130 8,
1002 3084 1029 3137 Ρ.
1040 3065 1164 3138 Βθηιμ
1186 3068 1290 3122 tttllert
1307 3065 1400 3120 Dorier
1416 3067 1447 3119 T.
1458 3068 1491 3131 ΙΙ,
1507 3086 1534 3139 Ρ.
1546 3067 1620 3132 3633

146 3165 220 3218 Botlii
239 3164 328 3217 Gcscb.
347 3167 372 3216 d.
390 3167 497 3216 dunat
515 3162 671 3216 Dicbtkuntt
688 3163 719 3214 T.
731 3162 771 3224 ll,
788 3178 814 3230 Ρ.
826 3160 866 3215 99
877 3178 933 3230 sqq.
1043 3198 1052 3217 .

213 3256 265 3324 90)
283 3258 320 3308 ct.
338 3256 444 3310 Meinck.
463 3261 570 3326 quaestt.
588 3272 655 3308 scen.
672 3271 711 3325 sp.
723 3255 750 3318 l,
768 3271 794 3324 Ρ.
807 3254 860 3318 543
881 3255 924 3306 Fr.
940 3254 1032 3308 Ritter.
1051 3256 1083 3307 cle
1094 3253 1223 3323 Aristoplt
1241 3253 1319 3307 Pluto
1334 3270 1360 3323 p.
1372 3254 1425 3317 sm
1451 3255 1570 3310 Grcncrt.
1590 3260 1620 3311 in

146 3350 277 3404 Niebnbrii
295 3351 383 3403 Rbcin.
400 3351 466 3403 ltus.
482 3352 514 3403 Τ.
525 3353 565 3413 ll,
583 3369 608 3422 p.
619 3348 694 3427 {5053
718 3350 812 3424 Bergk.
830 3353 862 3403 tle
879 3367 943 3403 com.
959 3351 1013 3402 Ate
1030 3351 1122 3419 reliqu.
1144 3368 1170 3419 Ρ.
1184 3348 1246 3402 tlt.

212 3445 261 3512 91)
278 3446 317 3497 ct.
335 3446 465 3498 Eicbstccl.
482 3446 515 3498 ‹lc
532 3449 613 3498 druna.
630 3464 695 3502 con.
714 3452 793 3516 satyr.
811 3463 837 3516 Ρ.
848 3445 887 3498 lt
897 3463 952 3516 sqq.
982 3446 1087 3515 (ἔφη.
1105 3448 1138 3497 ‹lc
1155 3444 1284 3498 comoedia
1301 3442 1462 3496 Doriensinm
1479 3462 1505 3514 Ρ.
1519 3445 1563 3498 95.

213 3538 262 3605 99)
284 3533 374 3612 Lange
392 3541 460 3592 vind.
478 3546 544 3610 trag.
561 3539 690 3592 Romame
707 3557 733 3608 p.
746 3538 799 3591 542
824 3537 872 3590 secl
887 3536 961 3590 laud
976 3536 1076 3611 injuria
1093 3538 1161 3589 iuter
1178 3534 1329 3606 καρῳδούς
1350 3536 1508 3609 tropicos-rou
1523 3541 1624 3612 referri

146 3634 264 3685 ext'slt'mo
281 3632 412 3687 tactum
428 3633 569 3684 satirarum
585 3633 743 3704 scriptorem.

212 3728 262 3796 att)
286 3728 353 3780 Gell.
371 3729 402 3780 N.
420 3729 449 3778 t.
468 3727 547 3780 xvu.
563 3727 613 3780 st:
644 3743 725 3799 neque
747 3743 842 3797 mapno
859 3726 997 3779 intervallo
1012 3734 1105 3799 postea
1125 3725 1158 3789 Q.
1176 3720 1279 3779 Ennius
1302 3734 1326 3776 ct
1338 3722 1420 3797 juxta
1440 3714 1581 3780 Caecilius¹
1595 3743 1623 3784 et

150 3819 283 3873 Terentius
299 3840 331 3873 cc
348 3820 457 3873 subinde
474 3829 499 3872 et
516 3821 649 3872 Pacuvius
667 3827 692 3870 et
705 3819 824 3870 Pacuvio
835 3815 896 3892 jam
911 3837 970 3871 senc
986 3819 1084 3872 Accius
1101 3818 1245 3890 clariorque
1262 3829 1323 3873 tunc
1338 3820 1367 3871 iu
1383 3822 1513 3892 potcstatis
1529 3839 1621 3877 eorum

147 3915 321 3968 obtrectandis
338 3915 457 3967 Loetltus
474 3915 533 3986 (rsit.

135 4008 143 4025 '
214 4009 265 4077 94)
283 4010 363 4063 serm.
381 4010 401 4062 l.
423 4010 466 4061 lt).
485 4009 529 4071 liii,
