3548 4514
854 279 922 390 51

149 529 229 608 que
254 529 276 584 a
303 506 495 584 Cicerone
521 508 708 609 appellari
731 510 804 611 ¹⁸⁶),
835 512 1007 614 prodigii
1037 514 1163 592 instar
1186 511 1344 606 fiiisset,
1376 516 1409 592 si
1436 516 1626 592 Horatius

53 706 58 713 ,
148 655 253 737 illud
268 659 431 754 vitium,
454 662 566 762 quod
581 665 772 764 temporis
791 676 949 742 tantum
968 672 1052 743 e'sse
1070 668 1154 769 ipse
1169 650 1420 769 intelligeret,
1441 668 1624 745 Ennium

148 810 311 912 quidem
347 812 391 886 in
425 811 591 890 meliora
624 827 803 916 tempora
838 816 1013 895 delatum
1048 817 1326 920 depositurum
1359 815 1483 893 fuisse
1515 814 1620 894 affir-

146 975 311 1053 masset,
335 962 649 1041 Luciliumnon
671 965 793 1058 item,
814 990 936 1067 quem
962 980 1096 1044 tamen
1122 991 1172 1043 ex
1196 969 1280 1068 ipsa
1305 968 1471 1046 illorum
1497 971 1619 1046 inter·

146 1109 367 1210 pretatione
386 1109 449 1186 vel
469 1123 607 1211 suapte
628 1125 771 1207 natura
794 1115 843 1191 ad
863 1113 1057 1213 majorem
1081 1117 1215 1193 Ennio
1234 1117 1375 1196 limam
1395 1120 1619 1219 pervenisse

147 1262 424 1339 concessisset!
474 1263 605 1364 Atque
630 1262 727 1340 haec
752 1258 833 1362 jam
860 1265 1036 1343 Orellius
1062 1280 1166 1344 recte
1194 1240 1330 1346 contra
1354 1269 1617 1370 Doeringium

147 1413 309 1488 monuit
330 1407 406 1510 ¹³⁶),
430 1435 564 1514 neque
590 1413 779 1514 cuiquam
805 1414 875 1514 qui
902 1416 1054 1493 Horatii
1081 1416 1129 1492 de
1146 1417 1305 1494 Lucilio
1326 1412 1472 1517 judicia
1496 1419 1619 1510 novit,

147 1565 321 1643 dubium
347 1563 432 1641 sore
458 1564 645 1657 arbitror,
672 1564 911 1666 quinetiam
932 1565 966 1640 si
991 1565 1090 1666 qnid
1109 1565 1154 1643 in
1176 1558 1224 1643 eo
1245 1568 1525 1669 reprehendat,
1551 1592 1618 1646 ex·

147 1716 372 1796 curandum
403 1717 537 1818 potius
570 1738 692 1818 quam
719 1716 1031 1817 deprimendum
1057 1728 1232 1808 censeat3
1261 1715 1338 1792 hoc
1366 1736 1459 1793 vero
1485 1717 1616 1817 posito

146 1870 200 1942 ne
231 1888 276 1944 ea
307 1867 473 1967 quidem
505 1870 644 1958 verba,
684 1867 913 1969 inquibus
949 1884 1109 1947 smnma
1143 1852 1424 1970 disputationis
1458 1880 1618 1949 nostrae

145 2015 273 2116 posita
304 2029 378 2108 est,
410 2042 541 2117 quum
574 2016 728 2095 etiamsi
760 2040 845 2094 non
871 2017 1034 2095 landem
1061 2031 1195 2095 tamen
1223 2017 1477 2096 manifestam
1500 2043 1616 2096 ercu-

80 2188 89 2207 ·
146 2169 341 2269 tationem
365 2171 612 2261 contineant,
638 2168 838 2253 adolium
857 2180 1016 2270 praeter
1032 2132 1237 2244 Lucilium
1257 2166 1394 2244 referri
1414 2183 1616 2270 poterunt,

146 2333 385 2425 tantumque
410 2324 520 2402 abest
542 2337 590 2400 nt
613 2319 679 2400 hie
705 2323 790 2400 sole
812 2324 982 2395 smmum
1005 2326 1182 2418 poam
1199 2323 1496 2422 comparatione
1518 2321 1612 2399 illu·

146 2486 310 2568 stretur,
335 2489 383 2552 ut
408 2477 527 2555 etiam
553 2502 690 2557 secum
715 2478 804 2579 ipso
830 2487 1083 2578 comparetur
1107 2484 1224 2597 atque
1250 2494 1295 2551 ea
1318 2498 1420 2576 quae
1447 2476 1495 2553 ab
1518 2475 1614 2548 nido

55 2628 59 2635 “
148 2624 353 2731 θωεοίεᾳιιε
378 2631 501 2703 irtaco
514 2633 672 2704 comnis
693 2644 854 2708 auctore
876 2628 1087 2730 exspectari
1107 2638 1305 2728 poterant,
1329 2626 1384 2704 ita
1407 2651 1613 2728 superasse

147 2754 318 2872 dicatur,
349 2794 397 2856 ut
427 2780 460 2857 si
491 2781 536 2857 in
561 2780 746 2882 aequiora
772 2792 951 2880 tempora
977 2776 1130 2855 delatus
1156 2773 1295 2870 fuerit,
1325 2772 1429 2853 nihil
1457 2777 1505 2854 ab
1531 2776 1613 2856 ulla

145 2945 255 3035 parte
280 2932 660 3036 reprehendendum
684 2931 898 3009 relicturus
921 2926 1044 3006 fuisse
1068 2928 1257 3007 videetur.

215 3198 277 3264 tta)
295 3199 368 3249 Brut
384 3215 406 3251 c.
420 3196 471 3261 19⁷,
487 3193 567 3265 §.⁷ss

213 3296 278 3367 156)
297 3297 369 3351 Edit.
384 3299 474 3351 llorat.
498 3297 528 3348 Τ.
546 3297 584 3357 ll,
607 3312 634 3367 p.⁷
651 3293 720 3347 ¹302
749 3290 796 3345 sed
817 3309 929 3365 quonam
953 3309 1047 3365 quaeso
1070 3291 1194 3344 instinctu
1217 3290 1305 3347 divino
1326 3296 1391 3347 scin
1406 3303 1510 3366 poterat
1525 3293 1611 3348 Hora·

145 3394 213 3456 tiu,
237 3393 368 3455 Ettritum,
391 3395 418 3446 si
435 3391 578 3444 Octaviani
595 3399 707 3460 ternpore
722 3386 847 3449 vixisset,
865 3396 1035 3439 correcturum
1050 3385 1134 3457 [πώεα
1149 3403 1199 3438 sua
1215 3387 1298 3447 vitia,
1320 3384 1449 3438 toetttun
1465 3404 1518 3440 nott
1534 3388 1613 3440 itm?

143 3484 213 3541 mut
229 3492 329 3538 tentum
345 3504 502 3555 concoquere
518 3504 569 3540 non
585 3501 704 3555 pontum,
728 3484 796 3551 quod
814 3482 929 3535 (hellino
947 3483 973 3533 iu
990 3481 1075 3534 verbi·
1098 3490 1123 3532 et
1141 3477 1249 3533 Graecia
1270 3482 1377 3533 ἰκιιιίὺ
1391 3481 1613 3552 reprehensionem

95 3560 98 3565 .
144 3583 228 3635 iectu
244 3589 345 3643 cenet,
370 3600 419 3654 qun
437 3591 491 3632 tan
506 3582 595 3634 nedem
612 3599 667 3633 mc
685 3580 783 3631 aaron
799 3578 940 3629 Butam
954 3576 1068 3648 forrum
1084 3576 1242 3636 declarem,
1259 3582 1289 3625 nt
1306 3572 1353 3624 ltoc
1368 3592 1450 3646 penus
1468 3592 1485 3625 a
1504 3573 1613 3628 Graecis
1700 3616 1701 3623 ,

144 3695 277 3750 mptum
294 3695 373 3748 neque
390 3675 535 3748 excopitari
550 3691 595 3725 nee
611 3672 723 3725 tractari
737 3671 866 3744 potueri&
890 3687 949 3722 narn
967 3688 1044 3740 quum
1067 3688 1098 3722 ex
1120 3672 1200 3740 iptiot
1223 3669 1347 3721 sententie
1363 3669 1461 3720 ttnntu·
1481 3671 1612 3724 univerae

145 3771 239 3822 utine
257 3774 347 3822 metm
359 3767 496 3822 autentu·
513 3772 594 3829 emt,
613 3763 735 3819 llorntiu
751 3764 779 3815 in
794 3768 850 3863 toto
867 3780 959 3835 genere
979 3762 1056 3816 nunt
1071 3759 1148 3817 elim
1166 3781 1194 3818 se
1210 3764 1295 3833 ipsun
1312 3760 1515 3830 reprehenderet.

720 3939 1065 3989 ψ-
