<?xml version="1.0" encoding="UTF-8"?>
<!DOCTYPE html PUBLIC "-//W3C//DTD XHTML 1.0 Transitional//EN"
    "http://www.w3.org/TR/xhtml1/DTD/xhtml1-transitional.dtd">
<html xmlns="http://www.w3.org/1999/xhtml" xml:lang="en" lang="en">
 <head>
  <title>
</title>
<meta http-equiv="Content-Type" content="text/html;charset=utf-8" />
  <meta name='ocr-system' content='tesseract 3.04.00' />
  <meta name='ocr-capabilities' content='ocr_page ocr_carea ocr_par ocr_line ocrx_word'/>
</head>
<body>
  <div class='ocr_page' id='page_1' title='image "./disputatiodesat00hermgoog_0018.png"; bbox 0 0 3532 4544; ppageno 0'>
   <div class='ocr_carea' id='block_1_1' title="bbox 838 286 908 393">
    <p class='ocr_par' dir='ltr' id='par_1_1' title="bbox 838 286 908 393">
     <span class='ocr_line' id='line_1_1' title="bbox 838 286 908 393; baseline -0.014 0"><span class='ocrx_word' id='word_1_1' title='bbox 838 286 908 393; x_wconf 80' lang='lat' dir='ltr'>ls</span> 
     </span>
    </p>
   </div>
   <div class='ocr_carea' id='block_1_2' title="bbox 139 477 1619 618">
    <p class='ocr_par' dir='ltr' id='par_1_2' title="bbox 139 477 1619 618">
     <span class='ocr_line' id='line_1_2' title="bbox 139 477 1619 618; baseline -0.001 -26"><span class='ocrx_word' id='word_1_2' title='bbox 139 527 321 608; x_wconf 65' lang='lat' dir='ltr'>testatum</span> <span class='ocrx_word' id='word_1_3' title='bbox 360 539 444 592; x_wconf 90' lang='lat' dir='ltr'>neu</span> <span class='ocrx_word' id='word_1_4' title='bbox 473 514 565 618; x_wconf 87' lang='lat' dir='ltr'>quis</span> <span class='ocrx_word' id='word_1_5' title='bbox 591 477 651 592; x_wconf 40' lang='lat' dir='ltr'>eo·</span> <span class='ocrx_word' id='word_1_6' title='bbox 664 513 886 617; x_wconf 77' lang='lat' dir='ltr'><strong>confugiat,</strong></span> <span class='ocrx_word' id='word_1_7' title='bbox 917 509 976 592; x_wconf 76' lang='lat' dir='ltr'>ut‘</span> <span class='ocrx_word' id='word_1_8' title='bbox 988 513 1171 592; x_wconf 85' lang='lat' dir='ltr'>Ennium</span> <span class='ocrx_word' id='word_1_9' title='bbox 1196 511 1400 592; x_wconf 80' lang='lat' dir='ltr'>invenisse</span> <span class='ocrx_word' id='word_1_10' title='bbox 1426 511 1619 614; x_wconf 87' lang='lat' dir='ltr'>quidem,</span> 
     </span>
    </p>
   </div>
   <div class='ocr_carea' id='block_1_3' title="bbox 140 650 1665 3034">
    <p class='ocr_par' dir='ltr' id='par_1_3' title="bbox 140 650 1665 3034">
     <span class='ocr_line' id='line_1_3' title="bbox 141 650 1621 776; baseline -0.001 -36"><span class='ocrx_word' id='word_1_11' title='bbox 141 663 211 741; x_wconf 90' lang='lat' dir='ltr'>sed</span> <span class='ocrx_word' id='word_1_12' title='bbox 231 664 388 776; x_wconf 81' lang='lat' dir='ltr'>nullam</span> <span class='ocrx_word' id='word_1_13' title='bbox 409 679 478 755; x_wconf 82' lang='lat' dir='ltr'>aut</span> <span class='ocrx_word' id='word_1_14' title='bbox 497 650 680 768; x_wconf 78' lang='lat' dir='ltr'>eiiguam</span> <span class='ocrx_word' id='word_1_15' title='bbox 704 664 865 744; x_wconf 91' lang='lat' dir='ltr'>laudem</span> <span class='ocrx_word' id='word_1_16' title='bbox 891 688 937 743; x_wconf 84' lang='lat' dir='ltr'>ex</span> <span class='ocrx_word' id='word_1_17' title='bbox 958 690 1006 743; x_wconf 93' lang='lat' dir='ltr'>eo</span> <span class='ocrx_word' id='word_1_18' title='bbox 1028 687 1172 768; x_wconf 79' lang='lat' dir='ltr'>genere</span> <span class='ocrx_word' id='word_1_19' title='bbox 1195 663 1380 742; x_wconf 85' lang='lat' dir='ltr'>retulisse</span> <span class='ocrx_word' id='word_1_20' title='bbox 1396 677 1537 764; x_wconf 87' lang='lat' dir='ltr'>arguat</span> <span class='ocrx_word' id='word_1_21' title='bbox 1553 667 1621 764; x_wconf 76' lang='lat'>⁴¹),</span> 
     </span>
     <span class='ocr_line' id='line_1_4' title="bbox 141 813 1621 916; baseline 0.001 -27"><span class='ocrx_word' id='word_1_22' title='bbox 141 813 322 914; x_wconf 83' lang='lat' dir='ltr'>primum</span> <span class='ocrx_word' id='word_1_23' title='bbox 348 828 495 908; x_wconf 81' lang='lat' dir='ltr'>caveat,</span> <span class='ocrx_word' id='word_1_24' title='bbox 529 843 582 895; x_wconf 90' lang='lat' dir='ltr'>ne</span> <span class='ocrx_word' id='word_1_25' title='bbox 607 817 781 896; x_wconf 87' lang='lat' dir='ltr'>deterius</span> <span class='ocrx_word' id='word_1_26' title='bbox 808 818 952 905; x_wconf 88' lang='lat' dir='ltr'>sentiat</span> <span class='ocrx_word' id='word_1_27' title='bbox 977 818 1026 896; x_wconf 90' lang='lat' dir='ltr'>de</span> <span class='ocrx_word' id='word_1_28' title='bbox 1050 815 1219 894; x_wconf 89' lang='lat' dir='ltr'>homine</span> <span class='ocrx_word' id='word_1_29' title='bbox 1244 815 1309 891; x_wconf 90' lang='lat' dir='ltr'>sui</span> <span class='ocrx_word' id='word_1_30' title='bbox 1334 814 1621 916; x_wconf 86' lang='lat' dir='ltr'>temporis-in·</span> 
     </span>
     <span class='ocr_line' id='line_1_5' title="bbox 142 963 1622 1068; baseline 0.002 -30"><span class='ocrx_word' id='word_1_31' title='bbox 142 963 439 1064; x_wconf 81' lang='lat' dir='ltr'>geniosissimo,</span> <span class='ocrx_word' id='word_1_32' title='bbox 465 991 588 1068; x_wconf 88' lang='lat' dir='ltr'>quem</span> <span class='ocrx_word' id='word_1_33' title='bbox 612 966 718 1043; x_wconf 90' lang='lat' dir='ltr'>nulli</span> <span class='ocrx_word' id='word_1_34' title='bbox 744 966 857 1066; x_wconf 87' lang='lat' dir='ltr'>operi</span> <span class='ocrx_word' id='word_1_35' title='bbox 881 988 1029 1043; x_wconf 91' lang='lat' dir='ltr'>manus</span> <span class='ocrx_word' id='word_1_36' title='bbox 1054 963 1276 1041; x_wconf 85' lang='lat' dir='ltr'>admovisse</span> <span class='ocrx_word' id='word_1_37' title='bbox 1301 977 1622 1042; x_wconf 89' lang='lat' dir='ltr'>consentaneum</span> 
     </span>
     <span class='ocr_line' id='line_1_6' title="bbox 142 1078 1623 1220; baseline -0.001 -28"><span class='ocrx_word' id='word_1_38' title='bbox 142 1100 217 1206; x_wconf 86' lang='lat' dir='ltr'>est,</span> <span class='ocrx_word' id='word_1_39' title='bbox 249 1116 352 1217; x_wconf 89' lang='lat' dir='ltr'>quin</span> <span class='ocrx_word' id='word_1_40' title='bbox 382 1117 614 1220; x_wconf 81' lang='lat' dir='ltr'>aequalibus</span> <span class='ocrx_word' id='word_1_41' title='bbox 641 1118 827 1219; x_wconf 87' lang='lat' dir='ltr'>probaret</span> <span class='ocrx_word' id='word_1_42' title='bbox 858 1117 1023 1218; x_wconf 91' lang='lat' dir='ltr'>ipsaque</span> <span class='ocrx_word' id='word_1_43' title='bbox 1054 1078 1236 1191; x_wconf 87' lang='lat' dir='ltr'>nominis</span> <span class='ocrx_word' id='word_1_44' title='bbox 1267 1113 1332 1190; x_wconf 92' lang='lat' dir='ltr'>sui</span> <span class='ocrx_word' id='word_1_45' title='bbox 1364 1110 1469 1197; x_wconf 90' lang='lat' dir='ltr'>sama</span> <span class='ocrx_word' id='word_1_46' title='bbox 1495 1112 1623 1190; x_wconf 89' lang='lat' dir='ltr'>etiam</span> 
     </span>
     <span class='ocr_line' id='line_1_7' title="bbox 141 1241 1618 1368; baseline -0.003 -23"><span class='ocrx_word' id='word_1_47' title='bbox 141 1268 359 1368; x_wconf 86' lang='lat' dir='ltr'>posteritati</span> <span class='ocrx_word' id='word_1_48' title='bbox 385 1241 700 1365; x_wconf 76' lang='lat' dir='ltr'>commentiaret3</span> <span class='ocrx_word' id='word_1_49' title='bbox 727 1270 871 1349; x_wconf 89' lang='lat' dir='ltr'>deinde</span> <span class='ocrx_word' id='word_1_50' title='bbox 894 1292 988 1346; x_wconf 82' lang='lat' dir='ltr'>vero</span> <span class='ocrx_word' id='word_1_51' title='bbox 1014 1268 1207 1358; x_wconf 88' lang='lat' dir='ltr'>advertat,</span> <span class='ocrx_word' id='word_1_52' title='bbox 1233 1289 1335 1368; x_wconf 87' lang='lat' dir='ltr'>quae</span> <span class='ocrx_word' id='word_1_53' title='bbox 1357 1264 1442 1367; x_wconf 89' lang='lat' dir='ltr'>ipse</span> <span class='ocrx_word' id='word_1_54' title='bbox 1460 1264 1618 1360; x_wconf 84' lang='lat' dir='ltr'>Quinc·</span> 
     </span>
     <span class='ocr_line' id='line_1_8' title="bbox 142 1414 1624 1524; baseline -0.001 -34"><span class='ocrx_word' id='word_1_55' title='bbox 142 1414 306 1494; x_wconf 87' lang='lat' dir='ltr'>tilianus</span> <span class='ocrx_word' id='word_1_56' title='bbox 345 1417 466 1519; x_wconf 87' lang='lat' dir='ltr'>paulo</span> <span class='ocrx_word' id='word_1_57' title='bbox 505 1419 673 1499; x_wconf 75' lang='lat' dir='ltr'>iniesius</span> <span class='ocrx_word' id='word_1_58' title='bbox 714 1422 892 1524; x_wconf 78' lang='lat' dir='ltr'>scripsit:</span> <span class='ocrx_word' id='word_1_59' title='bbox 933 1419 1081 1499; x_wconf 65' lang='lat' dir='ltr'>numm</span> <span class='ocrx_word' id='word_1_60' title='bbox 1113 1417 1200 1490; x_wconf 75' lang='lat' dir='ltr'>titud</span> <span class='ocrx_word' id='word_1_61' title='bbox 1231 1419 1332 1490; x_wconf 80' lang='lat' dir='ltr'>etiam</span> <span class='ocrx_word' id='word_1_62' title='bbox 1363 1418 1461 1514; x_wconf 78' lang='lat' dir='ltr'>prius</span> <span class='ocrx_word' id='word_1_63' title='bbox 1491 1417 1624 1489; x_wconf 62' lang='lat' dir='ltr'>satine</span> 
     </span>
     <span class='ocr_line' id='line_1_9' title="bbox 140 1567 1623 1668; baseline 0 -27"><span class='ocrx_word' id='word_1_64' title='bbox 140 1585 264 1668; x_wconf 72' lang='lat' dir='ltr'>qaam,</span> <span class='ocrx_word' id='word_1_65' title='bbox 287 1570 350 1642; x_wconf 77' lang='lat' dir='ltr'>aeti</span> <span class='ocrx_word' id='word_1_66' title='bbox 369 1597 439 1643; x_wconf 81' lang='lat' dir='ltr'>non</span> <span class='ocrx_word' id='word_1_67' title='bbox 463 1571 538 1656; x_wconf 79' lang='lat' dir='ltr'>sola</span> <span class='ocrx_word' id='word_1_68' title='bbox 561 1574 746 1644; x_wconf 66' lang='lat' dir='ltr'>mmmm</span> <span class='ocrx_word' id='word_1_69' title='bbox 768 1575 933 1645; x_wconf 66' lang='lat' dir='ltr'>sensate</span> <span class='ocrx_word' id='word_1_70' title='bbox 954 1568 1268 1655; x_wconf 74' lang='lat' dir='ltr'>mictnmaondidit</span> <span class='ocrx_word' id='word_1_71' title='bbox 1288 1567 1467 1641; x_wconf 79' lang='lat' dir='ltr'>Terentius</span> <span class='ocrx_word' id='word_1_72' title='bbox 1487 1567 1623 1662; x_wconf 76' lang='lat' dir='ltr'>Vmo,</span> 
     </span>
     <span class='ocr_line' id='line_1_10' title="bbox 140 1718 1632 1823; baseline -0.002 -29"><span class='ocrx_word' id='word_1_73' title='bbox 140 1719 250 1795; x_wconf 88' lang='lat' dir='ltr'>unde</span> <span class='ocrx_word' id='word_1_74' title='bbox 267 1718 355 1798; x_wconf 89' lang='lat' dir='ltr'>luce</span> <span class='ocrx_word' id='word_1_75' title='bbox 374 1720 518 1798; x_wconf 87' lang='lat' dir='ltr'>clarius</span> <span class='ocrx_word' id='word_1_76' title='bbox 536 1734 697 1823; x_wconf 88' lang='lat' dir='ltr'>apparet</span> <span class='ocrx_word' id='word_1_77' title='bbox 712 1734 866 1821; x_wconf 82' lang='lat' dir='ltr'>praeter</span> <span class='ocrx_word' id='word_1_78' title='bbox 882 1720 1044 1798; x_wconf 85' lang='lat' dir='ltr'>satiram</span> <span class='ocrx_word' id='word_1_79' title='bbox 1061 1718 1329 1811; x_wconf 89' lang='lat' dir='ltr'>Lucilianam,</span> <span class='ocrx_word' id='word_1_80' title='bbox 1349 1743 1472 1821; x_wconf 90' lang='lat' dir='ltr'>quam</span> <span class='ocrx_word' id='word_1_81' title='bbox 1489 1731 1632 1798; x_wconf 88' lang='lat' dir='ltr'>totam.</span> 
     </span>
     <span class='ocr_line' id='line_1_11' title="bbox 141 1869 1621 1972; baseline 0.005 -27"><span class='ocrx_word' id='word_1_82' title='bbox 141 1869 385 1962; x_wconf 88' lang='lat' dir='ltr'>Romanam,</span> <span class='ocrx_word' id='word_1_83' title='bbox 403 1869 481 1948; x_wconf 87' lang='lat' dir='ltr'>hoc</span> <span class='ocrx_word' id='word_1_84' title='bbox 496 1883 556 1947; x_wconf 91' lang='lat' dir='ltr'>est</span> <span class='ocrx_word' id='word_1_85' title='bbox 568 1871 727 1949; x_wconf 86' lang='lat' dir='ltr'>Graecis</span> <span class='ocrx_word' id='word_1_86' title='bbox 743 1871 932 1947; x_wconf 82' lang='lat' dir='ltr'>intactam</span> <span class='ocrx_word' id='word_1_87' title='bbox 947 1869 1244 1965; x_wconf 85' lang='lat' dir='ltr'>Quinctilianus</span> <span class='ocrx_word' id='word_1_88' title='bbox 1257 1872 1475 1972; x_wconf 83' lang='lat' dir='ltr'>praedicat,</span> <span class='ocrx_word' id='word_1_89' title='bbox 1494 1873 1621 1953; x_wconf 89' lang='lat' dir='ltr'>etiam</span> 
     </span>
     <span class='ocr_line' id='line_1_12' title="bbox 142 2018 1625 2134; baseline 0 -38"><span class='ocrx_word' id='word_1_90' title='bbox 142 2018 251 2097; x_wconf 89' lang='lat' dir='ltr'>aliud</span> <span class='ocrx_word' id='word_1_91' title='bbox 285 2044 413 2120; x_wconf 83' lang='lat' dir='ltr'>genus</span> <span class='ocrx_word' id='word_1_92' title='bbox 448 2019 591 2097; x_wconf 91' lang='lat' dir='ltr'>eodem</span> <span class='ocrx_word' id='word_1_93' title='bbox 621 2019 789 2097; x_wconf 90' lang='lat' dir='ltr'>nomine</span> <span class='ocrx_word' id='word_1_94' title='bbox 822 2021 1034 2111; x_wconf 77' lang='lat' dir='ltr'>exstitisse,</span> <span class='ocrx_word' id='word_1_95' title='bbox 1073 2020 1185 2122; x_wconf 89' lang='lat' dir='ltr'>quod</span> <span class='ocrx_word' id='word_1_96' title='bbox 1220 2048 1351 2124; x_wconf 87' lang='lat' dir='ltr'>quum</span> <span class='ocrx_word' id='word_1_97' title='bbox 1387 2024 1488 2134; x_wconf 61' lang='lat' dir='ltr'>etiam</span> <span class='ocrx_word' id='word_1_98' title='bbox 1519 2026 1625 2122; x_wconf 70' lang='lat' dir='ltr'>prinu</span> 
     </span>
     <span class='ocr_line' id='line_1_13' title="bbox 142 2128 1621 2288; baseline 0.006 -42"><span class='ocrx_word' id='word_1_99' title='bbox 142 2170 314 2262; x_wconf 89' lang='lat' dir='ltr'>dicatur,</span> <span class='ocrx_word' id='word_1_100' title='bbox 347 2193 432 2247; x_wconf 90' lang='lat' dir='ltr'>non</span> <span class='ocrx_word' id='word_1_101' title='bbox 464 2170 602 2247; x_wconf 91' lang='lat' dir='ltr'>solum</span> <span class='ocrx_word' id='word_1_102' title='bbox 632 2169 856 2263; x_wconf 87' lang='lat' dir='ltr'>Lucilium,</span> <span class='ocrx_word' id='word_1_103' title='bbox 889 2172 960 2272; x_wconf 90' lang='lat' dir='ltr'>qui</span> <span class='ocrx_word' id='word_1_104' title='bbox 993 2128 1150 2274; x_wconf 78' lang='lat' dir='ltr'>primus</span> <span class='ocrx_word' id='word_1_105' title='bbox 1179 2174 1224 2251; x_wconf 90' lang='lat' dir='ltr'>in</span> <span class='ocrx_word' id='word_1_106' title='bbox 1257 2173 1380 2284; x_wconf 80' lang='lat' dir='ltr'>altero</span> <span class='ocrx_word' id='word_1_107' title='bbox 1412 2176 1621 2288; x_wconf 82' lang='lat' dir='ltr'>insignem</span> 
     </span>
     <span class='ocr_line' id='line_1_14' title="bbox 142 2322 1665 2443; baseline 0.009 -46"><span class='ocrx_word' id='word_1_108' title='bbox 142 2323 303 2400; x_wconf 89' lang='lat' dir='ltr'>laudem</span> <span class='ocrx_word' id='word_1_109' title='bbox 331 2325 497 2424; x_wconf 89' lang='lat' dir='ltr'>adeptus</span> <span class='ocrx_word' id='word_1_110' title='bbox 529 2336 607 2416; x_wconf 89' lang='lat' dir='ltr'>est,</span> <span class='ocrx_word' id='word_1_111' title='bbox 642 2322 791 2401; x_wconf 81' lang='lat' dir='ltr'>verum&#39;</span> <span class='ocrx_word' id='word_1_112' title='bbox 817 2324 936 2403; x_wconf 89' lang='lat' dir='ltr'>etiam</span> <span class='ocrx_word' id='word_1_113' title='bbox 962 2326 1196 2430; x_wconf 83' lang='lat' dir='ltr'>quicunque</span> <span class='ocrx_word' id='word_1_114' title='bbox 1220 2327 1345 2443; x_wconf 79' lang='lat' dir='ltr'>hujus</span> <span class='ocrx_word' id='word_1_115' title='bbox 1370 2330 1451 2406; x_wconf 81' lang='lat' dir='ltr'>sive</span> <span class='ocrx_word' id='word_1_116' title='bbox 1476 2343 1624 2409; x_wconf 86' lang='lat' dir='ltr'>auctor</span> <span class='ocrx_word' id='word_1_117' title='bbox 1663 2354 1665 2364; x_wconf 59' lang='lat'><strong><em>⁴</em></strong></span> 
     </span>
     <span class='ocr_line' id='line_1_15' title="bbox 143 2468 1623 2581; baseline 0.008 -36"><span class='ocrx_word' id='word_1_118' title='bbox 143 2471 224 2547; x_wconf 90' lang='lat' dir='ltr'>sive</span> <span class='ocrx_word' id='word_1_119' title='bbox 248 2473 432 2550; x_wconf 88' lang='lat' dir='ltr'>inventor</span> <span class='ocrx_word' id='word_1_120' title='bbox 454 2469 551 2565; x_wconf 88' lang='lat' dir='ltr'>suit,</span> <span class='ocrx_word' id='word_1_121' title='bbox 576 2468 830 2552; x_wconf 86' lang='lat' dir='ltr'>antecessisse</span> <span class='ocrx_word' id='word_1_122' title='bbox 854 2499 1015 2552; x_wconf 85' lang='lat' dir='ltr'>necesse</span> <span class='ocrx_word' id='word_1_123' title='bbox 1036 2490 1124 2552; x_wconf 86' lang='lat' dir='ltr'>est·</span> <span class='ocrx_word' id='word_1_124' title='bbox 1152 2481 1256 2556; x_wconf 91' lang='lat' dir='ltr'>Nam</span> <span class='ocrx_word' id='word_1_125' title='bbox 1279 2479 1388 2581; x_wconf 90' lang='lat' dir='ltr'>quod</span> <span class='ocrx_word' id='word_1_126' title='bbox 1414 2477 1480 2557; x_wconf 92' lang='lat' dir='ltr'>alii</span> <span class='ocrx_word' id='word_1_127' title='bbox 1502 2479 1623 2558; x_wconf 85' lang='lat' dir='ltr'>aliter</span> 
     </span>
     <span class='ocr_line' id='line_1_16' title="bbox 144 2616 1623 2730; baseline 0.007 -31"><span class='ocrx_word' id='word_1_128' title='bbox 144 2626 378 2727; x_wconf 85' lang='lat' dir='ltr'>corrigendo</span> <span class='ocrx_word' id='word_1_129' title='bbox 401 2622 555 2704; x_wconf 86' lang='lat' dir='ltr'>efficere</span> <span class='ocrx_word' id='word_1_130' title='bbox 581 2616 717 2705; x_wconf 86' lang='lat' dir='ltr'>conati</span> <span class='ocrx_word' id='word_1_131' title='bbox 736 2640 850 2719; x_wconf 89' lang='lat' dir='ltr'>sunt,</span> <span class='ocrx_word' id='word_1_132' title='bbox 874 2652 927 2705; x_wconf 91' lang='lat' dir='ltr'>ne</span> <span class='ocrx_word' id='word_1_133' title='bbox 950 2630 1048 2726; x_wconf 74' lang='lat' dir='ltr'>prius</span> <span class='ocrx_word' id='word_1_134' title='bbox 1072 2629 1149 2706; x_wconf 92' lang='lat' dir='ltr'>hoc</span> <span class='ocrx_word' id='word_1_135' title='bbox 1171 2651 1299 2730; x_wconf 83' lang='lat' dir='ltr'>genus</span> <span class='ocrx_word' id='word_1_136' title='bbox 1317 2630 1623 2727; x_wconf 85' lang='lat' dir='ltr'>Quinctilianus</span> 
     </span>
     <span class='ocr_line' id='line_1_17' title="bbox 144 2776 1621 2880; baseline 0.002 -27"><span class='ocrx_word' id='word_1_137' title='bbox 144 2777 358 2879; x_wconf 90' lang='lat' dir='ltr'>appellasse</span> <span class='ocrx_word' id='word_1_138' title='bbox 382 2777 585 2856; x_wconf 86' lang='lat' dir='ltr'>videretur</span> <span class='ocrx_word' id='word_1_139' title='bbox 605 2777 667 2876; x_wconf 74' lang='lat'>⁴⁹),</span> <span class='ocrx_word' id='word_1_140' title='bbox 699 2777 811 2856; x_wconf 89' lang='lat' dir='ltr'>haud</span> <span class='ocrx_word' id='word_1_141' title='bbox 835 2779 918 2855; x_wconf 92' lang='lat' dir='ltr'>scio</span> <span class='ocrx_word' id='word_1_142' title='bbox 945 2802 996 2857; x_wconf 89' lang='lat' dir='ltr'>an</span> <span class='ocrx_word' id='word_1_143' title='bbox 1019 2779 1105 2880; x_wconf 90' lang='lat' dir='ltr'>ipsa</span> <span class='ocrx_word' id='word_1_144' title='bbox 1130 2776 1452 2880; x_wconf 84' lang='lat' dir='ltr'>conjecturarum</span> <span class='ocrx_word' id='word_1_145' title='bbox 1478 2780 1621 2856; x_wconf 88' lang='lat' dir='ltr'>multi-</span> 
     </span>
     <span class='ocr_line' id='line_1_18' title="bbox 143 2891 1620 3034; baseline 0.006 -31"><span class='ocrx_word' id='word_1_146' title='bbox 143 2928 242 3005; x_wconf 85' lang='lat' dir='ltr'>tudo</span> <span class='ocrx_word' id='word_1_147' title='bbox 275 2933 440 3010; x_wconf 88' lang='lat' dir='ltr'>eandem</span> <span class='ocrx_word' id='word_1_148' title='bbox 477 2931 649 3034; x_wconf 89' lang='lat' dir='ltr'>speciem</span> <span class='ocrx_word' id='word_1_149' title='bbox 683 2932 885 3034; x_wconf 89' lang='lat' dir='ltr'>praebeat,</span> <span class='ocrx_word' id='word_1_150' title='bbox 927 2955 1050 3034; x_wconf 91' lang='lat' dir='ltr'>quam</span> <span class='ocrx_word' id='word_1_151' title='bbox 1085 2933 1207 3010; x_wconf 88' lang='lat' dir='ltr'>simili</span> <span class='ocrx_word' id='word_1_152' title='bbox 1239 2933 1285 3011; x_wconf 87' lang='lat' dir='ltr'>in</span> <span class='ocrx_word' id='word_1_153' title='bbox 1319 2956 1438 3012; x_wconf 88' lang='lat' dir='ltr'>causa</span> <span class='ocrx_word' id='word_1_154' title='bbox 1471 2891 1620 3013; x_wconf 80' lang='lat' dir='ltr'>Ruiin-</span> 
     </span>
    </p>
   </div>
   <div class='ocr_carea' id='block_1_4' title="bbox 144 3170 1624 4095">
    <p class='ocr_par' dir='ltr' id='par_1_4' title="bbox 144 3170 1624 3437">
     <span class='ocr_line' id='line_1_19' title="bbox 211 3170 1624 3247; baseline 0.001 -21"><span class='ocrx_word' id='word_1_155' title='bbox 211 3173 260 3241; x_wconf 71' lang='lat' dir='ltr'>ll)</span> <span class='ocrx_word' id='word_1_156' title='bbox 286 3175 319 3227; x_wconf 86' lang='lat' dir='ltr'>Ut</span> <span class='ocrx_word' id='word_1_157' title='bbox 337 3175 502 3229; x_wconf 78' lang='lat' dir='ltr'>Weiehertne</span> <span class='ocrx_word' id='word_1_158' title='bbox 525 3175 543 3227; x_wconf 91' lang='lat' dir='ltr'>l.</span> <span class='ocrx_word' id='word_1_159' title='bbox 561 3193 583 3228; x_wconf 87' lang='lat' dir='ltr'>e.</span> <span class='ocrx_word' id='word_1_160' title='bbox 607 3190 634 3244; x_wconf 73' lang='lat'>1³·</span> <span class='ocrx_word' id='word_1_161' title='bbox 650 3172 719 3227; x_wconf 68' lang='lat'>2812</span> <span class='ocrx_word' id='word_1_162' title='bbox 749 3170 931 3236; x_wconf 68' lang='lat' dir='ltr'>Quintilium</span> <span class='ocrx_word' id='word_1_163' title='bbox 947 3191 1008 3226; x_wconf 80' lang='lat' dir='ltr'>vero</span> <span class='ocrx_word' id='word_1_164' title='bbox 1029 3174 1132 3227; x_wconf 64' lang='lat' dir='ltr'>minine</span> <span class='ocrx_word' id='word_1_165' title='bbox 1148 3182 1306 3246; x_wconf 65' lang='lat' dir='ltr'>negutiante</span> <span class='ocrx_word' id='word_1_166' title='bbox 1323 3172 1455 3227; x_wconf 68' lang='lat' dir='ltr'>Lucilium</span> <span class='ocrx_word' id='word_1_167' title='bbox 1469 3174 1554 3246; x_wconf 70' lang='lat' dir='ltr'>fuisse</span> <span class='ocrx_word' id='word_1_168' title='bbox 1572 3179 1624 3247; x_wconf 76' lang='lat' dir='ltr'>qni</span> 
     </span>
     <span class='ocr_line' id='line_1_20' title="bbox 144 3265 1622 3343; baseline 0.003 -26"><span class='ocrx_word' id='word_1_169' title='bbox 144 3265 242 3318; x_wconf 75' lang='lat' dir='ltr'>satim</span> <span class='ocrx_word' id='word_1_170' title='bbox 259 3268 414 3332; x_wconf 61' lang='lat' dir='ltr'>meinent,</span> <span class='ocrx_word' id='word_1_171' title='bbox 431 3269 478 3322; x_wconf 77' lang='lat' dir='ltr'>sed</span> <span class='ocrx_word' id='word_1_172' title='bbox 494 3279 595 3322; x_wconf 72' lang='lat' dir='ltr'>tantm</span> <span class='ocrx_word' id='word_1_173' title='bbox 612 3268 676 3321; x_wconf 74' lang='lat' dir='ltr'>dicit</span> <span class='ocrx_word' id='word_1_174' title='bbox 689 3268 819 3321; x_wconf 67' lang='lat' dir='ltr'>tuentum</span> <span class='ocrx_word' id='word_1_175' title='bbox 835 3271 864 3321; x_wconf 68' lang='lat' dir='ltr'>in</span> <span class='ocrx_word' id='word_1_176' title='bbox 880 3267 927 3321; x_wconf 68' lang='lat' dir='ltr'>loc</span> <span class='ocrx_word' id='word_1_177' title='bbox 944 3271 1086 3325; x_wconf 67' lang='lat' dir='ltr'>caminum</span> <span class='ocrx_word' id='word_1_178' title='bbox 1102 3287 1195 3343; x_wconf 62' lang='grc' dir='ltr'>φησιν</span> <span class='ocrx_word' id='word_1_179' title='bbox 1210 3270 1325 3342; x_wconf 66' lang='lat' dir='ltr'>priam</span> <span class='ocrx_word' id='word_1_180' title='bbox 1341 3270 1513 3332; x_wconf 59' lang='lat' dir='ltr'>notantem,-</span> <span class='ocrx_word' id='word_1_181' title='bbox 1535 3288 1622 3342; x_wconf 74' lang='lat' dir='ltr'>qum</span> 
     </span>
     <span class='ocr_line' id='line_1_21' title="bbox 144 3360 834 3437; baseline 0.004 -25"><span class='ocrx_word' id='word_1_182' title='bbox 144 3360 222 3412; x_wconf 81' lang='lat' dir='ltr'>etiam</span> <span class='ocrx_word' id='word_1_183' title='bbox 239 3361 353 3415; x_wconf 73' lang='lat' dir='ltr'>Ennium</span> <span class='ocrx_word' id='word_1_184' title='bbox 370 3373 400 3417; x_wconf 78' lang='lat' dir='ltr'>nt</span> <span class='ocrx_word' id='word_1_185' title='bbox 415 3368 557 3419; x_wconf 58' lang='lat' dir='ltr'>sairam</span> <span class='ocrx_word' id='word_1_186' title='bbox 573 3366 725 3437; x_wconf 73' lang='lat' dir='ltr'>scriptorem</span> <span class='ocrx_word' id='word_1_187' title='bbox 741 3365 834 3416; x_wconf 73' lang='lat' dir='ltr'>misit.</span> 
     </span>
    </p>

    <p class='ocr_par' dir='ltr' id='par_1_5' title="bbox 144 3453 1621 4095">
     <span class='ocr_line' id='line_1_22' title="bbox 212 3453 1621 3532; baseline 0.003 -26"><span class='ocrx_word' id='word_1_188' title='bbox 212 3453 260 3521; x_wconf 67' lang='lat'>42)</span> <span class='ocrx_word' id='word_1_189' title='bbox 276 3456 398 3530; x_wconf 72' lang='lat' dir='ltr'>Singulos</span> <span class='ocrx_word' id='word_1_190' title='bbox 415 3463 459 3529; x_wconf 80' lang='lat' dir='ltr'>qni</span> <span class='ocrx_word' id='word_1_191' title='bbox 476 3477 551 3514; x_wconf 80' lang='lat' dir='ltr'>notae</span> <span class='ocrx_word' id='word_1_192' title='bbox 568 3463 670 3532; x_wconf 73' lang='lat' dir='ltr'>cupiat,</span> <span class='ocrx_word' id='word_1_193' title='bbox 688 3459 833 3532; x_wconf 72' lang='lat' dir='ltr'>Spaldingii</span> <span class='ocrx_word' id='word_1_194' title='bbox 850 3461 987 3514; x_wconf 81' lang='lat' dir='ltr'>editionem</span> <span class='ocrx_word' id='word_1_195' title='bbox 1003 3459 1093 3523; x_wconf 68' lang='lat' dir='ltr'>aaut,</span> <span class='ocrx_word' id='word_1_196' title='bbox 1111 3461 1186 3512; x_wconf 80' lang='lat' dir='ltr'>noina</span> <span class='ocrx_word' id='word_1_197' title='bbox 1203 3465 1303 3512; x_wconf 80' lang='lat' dir='ltr'>tantum</span> <span class='ocrx_word' id='word_1_198' title='bbox 1315 3457 1456 3512; x_wconf 77' lang='lat' dir='ltr'>lleinrielaii</span> <span class='ocrx_word' id='word_1_199' title='bbox 1469 3459 1526 3527; x_wconf 74' lang='lat' dir='ltr'>ipsa</span> <span class='ocrx_word' id='word_1_200' title='bbox 1539 3457 1621 3510; x_wconf 70' lang='lat' dir='ltr'>venie</span> 
     </span>
     <span class='ocr_line' id='line_1_23' title="bbox 144 3549 1621 3625; baseline 0.004 -24"><span class='ocrx_word' id='word_1_201' title='bbox 144 3549 241 3620; x_wconf 76' lang='lat' dir='ltr'>subjeci</span> <span class='ocrx_word' id='word_1_202' title='bbox 259 3569 290 3605; x_wconf 85' lang='lat' dir='ltr'>ex</span> <span class='ocrx_word' id='word_1_203' title='bbox 307 3554 521 3622; x_wconf 75' lang='lat' dir='ltr'>Explanntionum</span> <span class='ocrx_word' id='word_1_204' title='bbox 538 3555 735 3609; x_wconf 66' lang='lat' dir='ltr'>lios-etiannum</span> <span class='ocrx_word' id='word_1_205' title='bbox 751 3557 893 3625; x_wconf 69' lang='lat' dir='ltr'>promia,</span> <span class='ocrx_word' id='word_1_206' title='bbox 918 3555 1001 3609; x_wconf 80' lang='lat' dir='ltr'>liiliae</span> <span class='ocrx_word' id='word_1_207' title='bbox 1015 3554 1095 3625; x_wconf 73' lang='lat' dir='ltr'>iant</span> <span class='ocrx_word' id='word_1_208' title='bbox 1112 3555 1147 3618; x_wconf 66' lang='lat' dir='ltr'>l,</span> <span class='ocrx_word' id='word_1_209' title='bbox 1171 3573 1198 3624; x_wconf 81' lang='lat' dir='ltr'>p.</span> <span class='ocrx_word' id='word_1_210' title='bbox 1214 3555 1263 3614; x_wconf 68' lang='lat'>153</span> <span class='ocrx_word' id='word_1_211' title='bbox 1289 3556 1349 3624; x_wconf 77' lang='lat' dir='ltr'>qnia</span> <span class='ocrx_word' id='word_1_212' title='bbox 1366 3555 1441 3624; x_wconf 81' lang='lat' dir='ltr'>liujus</span> <span class='ocrx_word' id='word_1_213' title='bbox 1457 3555 1621 3624; x_wconf 77' lang='lat' dir='ltr'>conjecture,</span> 
     </span>
     <span class='ocr_line' id='line_1_24' title="bbox 144 3648 1620 3720; baseline 0.001 -22"><span class='ocrx_word' id='word_1_214' title='bbox 144 3650 259 3718; x_wconf 77' lang='lat' dir='ltr'>quamvis</span> <span class='ocrx_word' id='word_1_215' title='bbox 282 3651 317 3702; x_wconf 78' lang='lat' dir='ltr'>nd</span> <span class='ocrx_word' id='word_1_216' title='bbox 341 3650 543 3720; x_wconf 77' lang='lat' dir='ltr'>Quinctilinnnm</span> <span class='ocrx_word' id='word_1_217' title='bbox 567 3650 751 3704; x_wconf 74' lang='lat' dir='ltr'>emendandum</span> <span class='ocrx_word' id='word_1_218' title='bbox 773 3667 823 3702; x_wconf 89' lang='lat' dir='ltr'>non</span> <span class='ocrx_word' id='word_1_219' title='bbox 847 3650 1005 3711; x_wconf 76' lang='lat' dir='ltr'>necessaria,</span> <span class='ocrx_word' id='word_1_220' title='bbox 1031 3655 1114 3700; x_wconf 77' lang='lat' dir='ltr'>tamen</span> <span class='ocrx_word' id='word_1_221' title='bbox 1136 3648 1203 3700; x_wconf 83' lang='lat' dir='ltr'>iliud</span> <span class='ocrx_word' id='word_1_222' title='bbox 1228 3649 1356 3708; x_wconf 81' lang='lat' dir='ltr'>ostendit,</span> <span class='ocrx_word' id='word_1_223' title='bbox 1383 3649 1452 3716; x_wconf 81' lang='lat' dir='ltr'>qnod</span> <span class='ocrx_word' id='word_1_224' title='bbox 1475 3648 1568 3698; x_wconf 82' lang='lat' dir='ltr'>summi</span> <span class='ocrx_word' id='word_1_225' title='bbox 1592 3649 1620 3700; x_wconf 92' lang='lat' dir='ltr'>in</span> 
     </span>
     <span class='ocr_line' id='line_1_25' title="bbox 144 3738 1620 3817; baseline 0.001 -27"><span class='ocrx_word' id='word_1_226' title='bbox 144 3746 232 3791; x_wconf 79' lang='lat' dir='ltr'>nostra</span> <span class='ocrx_word' id='word_1_227' title='bbox 256 3744 402 3810; x_wconf 80' lang='lat' dir='ltr'>quaestione</span> <span class='ocrx_word' id='word_1_228' title='bbox 424 3745 545 3812; x_wconf 77' lang='lat' dir='ltr'>ponderis</span> <span class='ocrx_word' id='word_1_229' title='bbox 568 3750 622 3804; x_wconf 80' lang='lat' dir='ltr'>est,</span> <span class='ocrx_word' id='word_1_230' title='bbox 647 3745 703 3795; x_wconf 74' lang='lat' dir='ltr'>viro</span> <span class='ocrx_word' id='word_1_231' title='bbox 727 3744 875 3796; x_wconf 80' lang='lat' dir='ltr'>acutissimo</span> <span class='ocrx_word' id='word_1_232' title='bbox 892 3743 1001 3794; x_wconf 76' lang='lat' dir='ltr'>nitet-um</span> <span class='ocrx_word' id='word_1_233' title='bbox 1024 3745 1118 3795; x_wconf 78' lang='lat' dir='ltr'>satirae</span> <span class='ocrx_word' id='word_1_234' title='bbox 1135 3759 1216 3817; x_wconf 77' lang='lat' dir='ltr'>genus</span> <span class='ocrx_word' id='word_1_235' title='bbox 1232 3740 1297 3792; x_wconf 82' lang='lat' dir='ltr'>nibil</span> <span class='ocrx_word' id='word_1_236' title='bbox 1314 3742 1398 3791; x_wconf 84' lang='lat' dir='ltr'>minos</span> <span class='ocrx_word' id='word_1_237' title='bbox 1415 3757 1491 3808; x_wconf 79' lang='lat' dir='ltr'>qnam</span> <span class='ocrx_word' id='word_1_238' title='bbox 1510 3738 1620 3791; x_wconf 74' lang='lat' dir='ltr'>Graecis</span> 
     </span>
     <span class='ocr_line' id='line_1_26' title="bbox 145 3833 1618 3907; baseline 0 -23"><span class='ocrx_word' id='word_1_239' title='bbox 145 3835 269 3884; x_wconf 83' lang='lat' dir='ltr'>intactum</span> <span class='ocrx_word' id='word_1_240' title='bbox 293 3837 374 3886; x_wconf 82' lang='lat' dir='ltr'>visum</span> <span class='ocrx_word' id='word_1_241' title='bbox 397 3852 467 3887; x_wconf 73' lang='lat' dir='ltr'>esses</span> <span class='ocrx_word' id='word_1_242' title='bbox 493 3836 604 3886; x_wconf 74' lang='lat' dir='ltr'>breviter</span> <span class='ocrx_word' id='word_1_243' title='bbox 625 3834 667 3886; x_wconf 84' lang='lat' dir='ltr'>lu&#39;e</span> <span class='ocrx_word' id='word_1_244' title='bbox 690 3834 774 3886; x_wconf 78' lang='lat' dir='ltr'>eiicere</span> <span class='ocrx_word' id='word_1_245' title='bbox 792 3835 893 3897; x_wconf 80' lang='lat' dir='ltr'>licebit,</span> <span class='ocrx_word' id='word_1_246' title='bbox 915 3853 1023 3907; x_wconf 74' lang='lat' dir='ltr'>percos</span> <span class='ocrx_word' id='word_1_247' title='bbox 1042 3835 1163 3887; x_wconf 57' lang='lat' dir='ltr'>nimbum</span> <span class='ocrx_word' id='word_1_248' title='bbox 1181 3836 1228 3906; x_wconf 78' lang='lat' dir='ltr'>qui</span> <span class='ocrx_word' id='word_1_249' title='bbox 1245 3835 1296 3886; x_wconf 86' lang='lat' dir='ltr'>ioci</span> <span class='ocrx_word' id='word_1_250' title='bbox 1313 3833 1490 3905; x_wconf 74' lang='lat' dir='ltr'>difficultatem</span> <span class='ocrx_word' id='word_1_251' title='bbox 1507 3843 1618 3894; x_wconf 71' lang='lat' dir='ltr'>norunt,</span> 
     </span>
     <span class='ocr_line' id='line_1_27' title="bbox 145 3923 1618 4003; baseline 0.004 -29"><span class='ocrx_word' id='word_1_252' title='bbox 145 3923 218 3978; x_wconf 72' lang='lat' dir='ltr'>istud</span> <span class='ocrx_word' id='word_1_253' title='bbox 233 3927 305 3994; x_wconf 77' lang='lat' dir='ltr'>prins</span> <span class='ocrx_word' id='word_1_254' title='bbox 322 3927 493 3998; x_wconf 74' lang='lat' dir='ltr'>depravatum</span> <span class='ocrx_word' id='word_1_255' title='bbox 516 3947 570 3982; x_wconf 82' lang='lat' dir='ltr'>esse</span> <span class='ocrx_word' id='word_1_256' title='bbox 587 3947 621 3980; x_wconf 81' lang='lat' dir='ltr'>ex</span> <span class='ocrx_word' id='word_1_257' title='bbox 637 3929 787 4003; x_wconf 78' lang='lat' dir='ltr'>compendio</span> <span class='ocrx_word' id='word_1_258' title='bbox 806 3931 939 3982; x_wconf 76' lang='lat' dir='ltr'>literarum</span> <span class='ocrx_word' id='word_1_259' title='bbox 957 3949 1034 4003; x_wconf 73' lang='lat' dir='ltr'>qaum</span> <span class='ocrx_word' id='word_1_260' title='bbox 1051 3939 1142 3982; x_wconf 76' lang='lat' dir='ltr'>auctor</span> <span class='ocrx_word' id='word_1_261' title='bbox 1157 3931 1305 4003; x_wconf 73' lang='lat' dir='ltr'>scripsisset</span> <span class='ocrx_word' id='word_1_262' title='bbox 1322 3931 1503 3998; x_wconf 71' lang='lat' dir='ltr'>peregrinum</span> <span class='ocrx_word' id='word_1_263' title='bbox 1534 3927 1618 3980; x_wconf 76' lang='lat' dir='ltr'>dome·</span> 
     </span>
     <span class='ocr_line' id='line_1_28' title="bbox 146 4020 1450 4095; baseline 0.004 -26"><span class='ocrx_word' id='word_1_264' title='bbox 146 4021 212 4069; x_wconf 78' lang='lat' dir='ltr'>stica</span> <span class='ocrx_word' id='word_1_265' title='bbox 232 4028 288 4070; x_wconf 82' lang='lat' dir='ltr'>erat</span> <span class='ocrx_word' id='word_1_266' title='bbox 305 4020 389 4073; x_wconf 75' lang='lat' dir='ltr'>satiro</span> <span class='ocrx_word' id='word_1_267' title='bbox 407 4021 563 4082; x_wconf 75' lang='lat' dir='ltr'>Luciliano,</span> <span class='ocrx_word' id='word_1_268' title='bbox 588 4030 612 4074; x_wconf 87' lang='lat' dir='ltr'>et</span> <span class='ocrx_word' id='word_1_269' title='bbox 628 4021 692 4074; x_wconf 71' lang='lat' dir='ltr'>hace</span> <span class='ocrx_word' id='word_1_270' title='bbox 709 4022 794 4073; x_wconf 74' lang='lat' dir='ltr'>atem</span> <span class='ocrx_word' id='word_1_271' title='bbox 811 4027 968 4095; x_wconf 57' lang='lat' dir='ltr'>perena-ino,</span> <span class='ocrx_word' id='word_1_272' title='bbox 992 4025 1025 4076; x_wconf 76' lang='lat' dir='ltr'>ab</span> <span class='ocrx_word' id='word_1_273' title='bbox 1048 4024 1315 4077; x_wconf 64' lang='lat' dir='ltr'>inventos-esttenete</span> <span class='ocrx_word' id='word_1_274' title='bbox 1333 4022 1450 4076; x_wconf 66' lang='lat' dir='ltr'>Gneo!</span> 
     </span>
    </p>
   </div>
   <div class='ocr_carea' id='block_1_5' title="bbox 0 0 1773 4544">
    <p class='ocr_par' dir='ltr' id='par_1_6' title="bbox 0 0 1773 4544">
     <span class='ocr_line' id='line_1_29' title="bbox 0 0 1773 4544; baseline 0 0"><span class='ocrx_word' id='word_1_275' title='bbox 0 0 1773 4544; x_wconf 95' lang='lat' dir='ltr'> </span> 
     </span>
    </p>
   </div>
  </div>
 </body>
</html>
