3548 4514
845 254 917 364 37

148 483 251 561 illud
275 483 348 559 sibi
366 505 574 585 arrogare,
612 497 659 560 ut
682 484 828 586 judicia
855 508 927 565 sua
953 489 1068 589 quasi
1092 489 1148 565 rei
1180 489 1307 590 ipsius
1336 490 1503 572 nomine
1529 517 1620 594 pro·

145 646 312 739 poneret
345 658 420 711 nec
457 648 561 713 certa
594 636 686 714 vitia
722 660 886 740 arguere
920 651 1132 716 contentus
1167 652 1293 717 totam
1329 641 1469 742 populi
1501 642 1622 721 vitam

146 788 189 866 in
222 809 390 864 censum
422 798 578 862 vocaret
608 799 647 862 et
679 786 792 887 quasi
826 788 1022 865 taxatione
1054 812 1127 867 sua
1158 808 1474 892 persequeretur.
1529 801 1622 874 Non

147 961 249 1040 opus
276 948 399 1013 estut
418 934 559 1011 multis
579 958 792 1036 exponam,
819 936 948 1037 qualis
971 937 1227 1037 singulorum
1256 940 1404 1017 civium
1430 943 1473 1019 in
1502 942 1623 1020 rebus

146 1089 318 1192 publicis
335 1093 579 1166 Graecorum
599 1086 782 1164 condicio
799 1082 937 1178 fuerit,
962 1087 1032 1188 qui
1052 1086 1143 1164 licet
1160 1089 1299 1167 eadem
1321 1118 1416 1170 cum
1434 1095 1621 1174 universo

145 1216 299 1346 popuio
325 1241 503 1318 libertate
529 1260 689 1315 summa
712 1237 959 1328 fruerentur,
994 1238 1070 1338 ipsi
1097 1250 1233 1317 tamen
1259 1241 1402 1319 civitati
1428 1244 1525 1320 adeo
1552 1246 1621 1321 ob·

147 1393 255 1473 noxii
282 1365 412 1482 erant,
437 1404 485 1466 ut
509 1413 651 1466 omnes
676 1388 722 1465 in
748 1411 795 1464 eo
822 1388 1073 1464 consensisse
1097 1389 1323 1482 videantur,
1359 1395 1468 1494 quod
1492 1394 1621 1496 Ephe·

147 1547 227 1623 sios
259 1543 320 1622 vel
352 1541 438 1642 lege
471 1541 644 1619 sanxisse
677 1539 926 1639 accepimus,
957 1564 1002 1612 nc
1033 1541 1108 1639 quic
1139 1564 1182 1613 cx
1207 1542 1288 1638 ipsis
1312 1568 1400 1613 eures
1425 1545 1621 1639 excelleret,

146 1699 200 1770 siu
224 1697 351 1787 mineo,
383 1693 452 1766 alio
483 1704 522 1765 ut
553 1693 627 1767 Ioco
653 1702 738 1766 esset
762 1693 837 1792 107);
867 1692 977 1794 quod
1008 1692 1041 1768 si
1074 1693 1164 1792 quis
1198 1718 1292 1769 suos
1325 1693 1451 1794 ipsius
1478 1719 1620 1777 sensus

146 1852 193 1925 in
226 1846 410 1924 medium
448 1841 624 1946 proferre
660 1843 796 1934 vellet,
837 1854 906 1919 aut
937 1840 1040 1917 illud
1072 1841 1399 1941 prospiciendum
1434 1860 1534 1940 erat,
1573 1862 1621 1925 ut

150 2023 291 2079 omnes
318 2010 519 2101 quantum
544 2006 677 2097 posset
702 2018 840 2070 secum
871 1992 1085 2069 sentientes
1110 1990 1293 2084 haberet,
1321 2008 1389 2070 aut
1413 1994 1516 2073 intra
1541 1998 1621 2098 pri·

147 2167 327 2232 vatarum
348 2146 652 2227 inimicitiarum
677 2143 778 2220 fines
799 2143 1121 2235 consistendum,
1152 2170 1234 2245 quo
1253 2169 1298 2221 ex
1322 2170 1465 2247 genere
1480 2147 1617 2224 Archi·

148 2302 254 2381 lochi
282 2313 398 2398 atque
424 2291 682 2396 Hipponactis
708 2289 831 2366 iambi
859 2286 1042 2383 fuerunt3
1068 2315 1200 2392 neque
1224 2293 1268 2368 in
1295 2320 1456 2374 summa
1483 2298 1620 2377 demo·

148 2448 290 2526 cratiae
309 2445 457 2522 Atticae
478 2441 636 2520 licentia
660 2439 752 2542 plus
775 2440 848 2517 sibi
870 2441 1012 2516 comici
1039 2455 1292 2535 sumserunt,
1319 2472 1442 2546 quam
1465 2462 1512 2525 ut
1538 2451 1619 2530 sin·

126 2600 338 2702 -gulorum
368 2595 587 2674 hominum
618 2593 800 2696 personis
831 2593 1011 2694 quamvis
1044 2593 1196 2671 ficticiis
1223 2595 1404 2696 singulos
1431 2601 1532 2678 cives
1557 2603 1619 2680 in·

148 2762 391 2827 sectarentur
398 2775 410 2839 ;
440 2747 569 2847 ipsam
595 2744 754 2845 plebem
780 2767 833 2819 ne
859 2744 1083 2843 carperent,
1108 2744 1169 2820 vel
1195 2744 1279 2845 lege
1307 2759 1471 2824 cautum
1495 2747 1618 2829 fuisse

149 2900 393 2998 dicitur'¹⁰⁸).
443 2900 579 2997 Longe
604 2894 679 2977 alia
704 2896 986 2972 Romanorum
1012 2916 1128 2972 causa
1154 2906 1256 2986 erat,
1282 2895 1352 2996 qui
1380 2922 1509 2997 quum
1536 2898 1618 2974 sin·

148 3054 339 3156 gulorum
371 3050 519 3128 civium
553 3046 751 3121 honorem
785 3057 891 3123 tanta
926 3071 1020 3123 cum
1057 3068 1151 3122 cura
1185 3059 1415 3138 tuerentur,
1458 3061 1506 3123 ιιι
1529 3046 1617 3146 jam

149 3202 362 3282 duodecim
387 3196 543 3278 tabulae
569 3197 694 3298 capite
719 3160 957 3290 sanxissent,
983 3198 1107 3296 siquis
1130 3200 1368 3271 occentavisset
1388 3199 1458 3270 sive
1482 3220 1618 3305 carmen

216 3426 282 3493 ¹0⁷)
301 3426 354 3478 cie.
372 3424 476 3477 Tnaeul.
494 3425 524 3477 V.
541 3421 594 3482 56,-
617 3421 691 3494 Βίας.
709 3421 738 3471 L.
752 3419 797 3470 iX.
814 3419 840 3470 2

217 3519 283 3587 roa)
301 3518 416 3588 recept.
433 3520 467 3570 ae
483 3516 591 3587 neptas.
610 3516 668 3567 ιιι.
686 3516 718 3567 ιι.
738 3511 785 3565 ιιι
815 3516 959 3585 copprea
980 3509 1004 3567 ο
1028 3504 1067 3570 οι
1089 3516 1138 3570 και
1161 3515 1254 3582 κακῶς
1276 3518 1365 3588 caym
1386 3517 1435 3573 ιον
1455 3518 1508 3586 μιν
1529 3515 1619 3588 οῆμον

148 3614 200 3671 οὐκ
215 3611 307 3684 tero,
328 3613 374 3668 ἱνα
391 3612 430 3682 μή
449 3611 530 3666 αὐτοὶ
548 3607 672 3666 ἀκούωσι
688 3605 796 3671 κακοῖς·
822 3607 882 3682 ἰδίᾳ
899 3610 929 3664 tt
944 3609 1111 3683 marcescer,
1132 3610 1157 3665 οἰ
1168 3611 1210 3676 τίς
1222 3628 1283 3667 τινα
1296 3610 1440 3680 βούληαι,
1459 3600 1490 3664 οὗ
1502 3609 1616 3687 εἰδότος,

148 3702 192 3764 ὅτι
216 3701 282 3774 οὐχὶ
304 3702 355 3759 τοῦ
380 3703 470 3774 δήμου
495 3701 567 3761 ἐστιν
591 3703 656 3761 οὐδὲ
681 3700 732 3758 τοῦ
755 3703 886 3773 πλήθους
912 3698 928 3759 ὅ
949 3705 1170 3777 κωμῳδούμενος
1195 3702 1234 3771 οἷς
1258 3706 1303 3763 tut
1326 3705 1357 3760 re*
1383 3707 1473 3776 κολιὲ,
1501 3701 1619 3782 ettae?

146 3800 284 3864 aleriam·
307 3788 326 3870 ἢ
350 3803 477 3868 γοννοιῐος
498 3788 517 3866 ἢ
542 3797 711 3866 acceperam
738 3813 803 3867 qnae
827 3797 889 3849 licet
911 3815 993 3867 nuper
1007 3800 1142 3873 'exstiterit
1168 3802 1212 3869 qni
1235 3805 1295 3870 poet
1313 3799 1491 3869 Aristophanis
1514 3804 1619 3873 Equites

147 3893 225 3948 scribi
237 3893 352 3962 potuisse
363 3896 469 3963 negares
480 3890 562 3957 (Gau.
573 3892 624 3964 gd.
635 3893 762 3965 Anzeigen
774 3887 860 3953 ¹841,
876 3890 924 3944 No.
935 3890 999 3958 M),
1016 3890 1090 3945 oeni
1102 3897 1186 3945 tamen
1195 3909 1343 3963 ροιιοιιιιιι,
1358 3893 1402 3961 qni
1413 3892 1468 3946 illie
1480 3895 1617 3959 inducitur,

146 3989 222 4016 1....
239 3986 315 4016 Ate..
331 4002 360 4016 .-
446 3984 522 4016 ..im
541 4000 596 4016 m.
613 3983 726 4016 ..biom-
