3548 4514
856 275 929 383 33

154 505 379 607 exagitanda
400 506 690 608 proposuisset,
716 532 769 585 ne
793 509 829 585 ei
856 508 1022 611 quidem
1043 531 1187 610 genere
1205 508 1444 610 pepercisse,
1471 511 1514 588 in
1540 537 1629 612 quo.

153 679 194 732 se
218 655 353 756 ipsum
372 655 523 756 aliquid
539 679 655 757 posse
672 655 928 757 intelligeret3
956 656 1142 758 parodiae
1158 680 1251 735 vero
1270 661 1428 739 Caecilii
1448 663 1621 740 Terentii

151 808 311 887 Pacuvii
336 807 442 886 Accii
476 830 498 884 a
522 805 666 883 Lucilii
693 806 938 885 carminibus
963 807 1126 884 heroico
1159 823 1287 886 metro
1315 811 1546 913 conscriptis
1570 813 1622 888 ob

150 962 320 1038 eandem
346 985 505 1039 causam
530 959 680 1049 alienae
705 973 818 1055 suut,
846 983 925 1060 qua
950 961 1074 1038 modo
1099 960 1346 1040 Rhinthonis
1371 962 1621 1042 hexametros

150 1134 196 1184 ex
229 1109 434 1209 epicorum
465 1108 629 1209 parodia
660 1107 961 1208 explicavimus3
993 1133 1126 1211 neque
1158 1111 1296 1188 Bionis
1322 1113 1620 1212 Borysthenitae

150 1261 378 1362 exemplum
405 1283 594 1360 agnosco,
625 1258 740 1360 cujus
766 1263 837 1339 etsi
865 1264 1168 1362 deputationum,
1194 1264 1313 1364 quibus
1332 1261 1427 1362 maipa·
1447 1263 1621 1348 stultitiam

94 1364 104 1385 ο
150 1412 282 1510 arguit,
308 1394 460 1488 Horatii
486 1408 680 1508 interpres
704 1434 814 1506 paene
840 1412 1029 1503 consentire
1054 1412 1205 1483 cumbra
1219 1411 1403 1486 Luciliano
1426 1413 1544 1490 tradit
1561 1410 1621 1513 ⁹⁵),

147 1578 282 1643 tamen
300 1589 374 1641 nec
391 1563 495 1640 illud
512 1563 656 1665 liquet,
674 1577 873 1665 quantum
892 1588 937 1642 er
954 1565 1051 1667 ipsis
1066 1566 1217 1644 Horatii
1235 1564 1381 1655 verbis,
1400 1578 1448 1639 ut
1464 1566 1618 1660 assolet,

149 1716 357 1793 scholiasta
378 1712 552 1809 finxerit,
577 1739 652 1792 nec
677 1727 725 1792 ut
748 1740 820 1817 par
844 1716 954 1793 illius
977 1717 1121 1794 Lucilii
1146 1715 1334 1795 acerbitas
1349 1708 1478 1789 'fuerit
1501 1714 1617 1793 adeo·

149 1891 227 1967 que
259 1866 514 1938 aiaordaciuimis
539 1864 664 1937 sutus
695 1890 737 1939 ea
766 1890 853 1966 quae
885 1867 978 1965 apud
999 1871 1118 1972 poitur
1142 1875 1251 1939 esseut
1276 1864 1491 1956 deuouit,
1523 1865 1618 1941 inde

147 2018 347 2117 sequitur,
372 2031 419 2093 ut
438 2015 628 2117 parodico
652 2039 796 2117 genere
816 2042 916 2094 usus
936 2017 1004 2109 sit,
1030 2017 1095 2094 cui
1117 2001 1328 2095 summum
1350 2015 1417 2092 ille
1435 2015 1615 2093 studium

145 2169 389 2270 impendisse
403 2169 559 2245 videtur
571 2167 625 2265 96).
663 2130 846 2243 Omnino
864 2167 974 2246 haud
991 2169 1074 2245 scio
1093 2192 1144 2248 an
1162 2169 1211 2248 ab
1227 2168 1295 2247 illa
1311 2169 1462 2270 ingenii
1483 2169 1619 2248 alacri·

146 2331 224 2395 tate
246 2332 285 2394 et
301 2317 434 2417 vigore
454 2342 618 2418 prorsus
636 2315 820 2417 juvenili,
845 2343 927 2418 quo
947 2319 1151 2395 Lucilium
1170 2319 1368 2422 insignem
1392 2317 1513 2399 fuisse
1530 2346 1615 2398 om·

146 2492 218 2544 nes
240 2468 515 2583 consentiunt,
541 2464 645 2542 nihil
665 2465 790 2567 magis
812 2466 1021 2545 abhorreat
1037 2467 1245 2569 quam‘illa
1263 2475 1504 2549 senescentis
1523 2472 1617 2551 artis

146 2623 293 2712 forma,
314 2643 416 2721 quae
433 2646 563 2721 quum
581 2621 665 2721 ipsa
685 2619 788 2697 nihil
806 2619 979 2721 amplius
996 2645 1201 2723 procreare
1219 2622 1360 2723 possit,
1386 2623 1613 2702 alienorum

147 2773 374 2849 carminum
390 2771 617 2863 inversione
634 2794 729 2850 suae
746 2770 981 2848 hebetudini
1000 2784 1224 2864 succurrat,
1250 2784 1489 2875 tantumque
1508 2774 1617 2850 abest
1719 2796 1740 2811 ··

146 2939 193 2999 ιιι
216 2926 259 2999 in
285 2925 542 3026 parodiarum
570 2924 804 3024 scriptorem
827 2923 955 3013 cadat,
979 2921 1090 3023 quod
1114 2920 1175 2998 vel
1197 2923 1402 3000 luvenalis
1425 2923 1474 3001 de
1500 2925 1615 3002 satira

147 3103 218 3155 sua
239 3053 451 3178 praedicat,
478 3075 605 3175 ipsam
622 3073 735 3174 quasi
758 3073 1024 3173 indignationem
1042 3096 1176 3144 votum
1193 3069 1309 3170 facere
1321 3073 1381 3172 ⁹⁷),
1399 3084 1454 3150 'ut
1471 3069 1614 3173 frigido

145 3226 342 3304 irrisionis
369 3223 535 3302 artificio
564 3223 810 3324 diligentiam
835 3222 973 3323 poetae
1002 3235 1042 3300 et
1064 3221 1365 3301 meditationem
1389 3212 1531 3325 prodat
1551 3227 1614 3321 ⁹⁰);

214 3451 262 3516 93)
279 3451 347 3502 Acro
363 3451 398 3501 ad
409 3449 499 3502 Horat,
516 3448 599 3518 Epist.
616 3446 647 3498 ll.
665 3445 691 3499 2
707 3444 762 3499 602
787 3447 901 3498 carmine
919 3456 948 3498 tn
964 3446 1076 3520 gaudes,
1100 3445 1142 3498 tte
1160 3447 1302 3501 delectatur
1318 3447 1423 3512 neto,
1449 3448 1494 3500 t'lle
1511 3447 1615 3499 Bioneis

144 3546 303 3599 sermonibus
319 3544 416 3596 etrele
433 3545 516 3615 niqra.

211 3638 262 3704 96)
281 3638 320 3689 ct.
338 3638 415 3710 Βίας.
433 3637 516 3689 baert.
533 3638 575 3690 tv.
592 3637 629 3690 ΒΩ
644 3637 769 3706 pluraque
785 3638 857 3708 apud
872 3637 898 3690 J.
915 3638 950 3690 hl.
969 3635 1107 3710 lloogvliet
1123 3639 1156 3690 ‹le
1173 3638 1254 3691 liione
1270 3637 1464 3706 Borysthenitr,
1486 3636 1568 3708 bugd.
1584 3636 1613 3687 B.
1660 3691 1669 3702 ,

145 3737 220 3790 teat.
238 3736 274 3796 ll,
293 3734 364 3804 12.ss
384 3740 410 3786 et
428 3733 559 3787 Welcher.
574 3735 609 3786 ad
625 3733 767 3806 Theognid.
786 3752 812 3804 p.
826 3732 947 3786 LXXXV
958 3750 1013 3803 sqq.

151 3842 152 3846 ’
212 3828 395 3882 latitaverat.
414 3828 489 3880 Satin
508 3828 527 3879 l.
543 3827 589 3882 79.
