3548 4514
151 532 221 611 illa
253 533 363 611 enim
394 533 521 634 hujus
556 529 742 612 vocabuli
774 531 936 624 notitia,
977 551 1101 633 quam
1135 544 1226 611 aute
1254 533 1457 614 Lucilium
1492 538 1620 619 solam

149 684 273 763 fuisse
291 685 476 786 superius
496 683 659 776 monui,
680 708 767 762 nou
786 684 912 785 magis
932 681 1168 762 abhorrebat
1186 705 1207 760 a
1227 681 1471 778 laudatione,
1498 711 1621 788 quam

150 864 185 914 v.
211 863 244 915 c.
279 835 478 957 Theocriti
510 836 644 937 idyllia
674 860 697 916 a
722 837 949 916 Ptolemaeo
983 836 1248 937 praedicando
1279 837 1341 914 vel
1367 838 1477 915 Statii
1503 840 1620 920 silvae

149 1010 172 1065 a
209 986 428 1064 Domitiani
468 986 654 1065 laudibus
691 987 901 1079 canendis,
943 999 1061 1087 atque
1096 986 1265 1063 omnino
1304 985 1414 1064 haud
1448 990 1530 1069 scio
1568 1015 1621 1072 an

148 1136 323 1238 plurima
350 1162 493 1215 eorum
519 1139 766 1231 carminum,
793 1161 894 1239 quae
918 1100 1074 1239 praeter
1089 1135 1263 1216 Annales
1289 1140 1336 1217 ab
1363 1142 1497 1219 Ennio
1523 1167 1619 1220 con·

149 1289 291 1388 scripta
321 1285 570 1377 ferebantur,
607 1283 713 1361 nihil
747 1285 828 1362 nisi
858 1298 988 1385 partes
1021 1285 1165 1386 integri
1197 1289 1408 1369 satirarum
1441 1293 1617 1395 corporis

148 1439 316 1532 fuerint,
353 1436 585 1540 praesertim
616 1460 749 1537 quum
776 1459 830 1512 ne
860 1435 1059 1513 librorum
1093 1437 1258 1536 quidem
1287 1467 1485 1522 numerus
1516 1445 1619 1523 inter

147 1591 427 1693 grammaticos
464 1587 672 1666 conveniat
702 1591 762 1684 ²¹),
798 1600 847 1663 ut
884 1584 997 1664 sacile
1032 1588 1284 1688 suspicemur
1318 1592 1461 1671 eodem
1495 1597 1619 1676 modo

148 1766 230 1847 quo
263 1743 307 1817 in
339 1736 558 1817 Aristotelis
592 1737 704 1813 libris
736 1734 923 1814 accidisse
955 1747 1127 1828 constat,
1171 1737 1215 1814 in
1246 1738 1334 1816 aliis
1367 1741 1616 1827 bibliothecis

148 1893 275 1968 satiris
304 1891 518 1969 accensitos
547 1902 650 1982 esse,
685 1889 755 1991 qui
779 1888 824 1965 in
854 1887 940 1968 aliis
970 1887 1161 1990 singulari
1193 1890 1309 1969 titulo
1343 1893 1522 1997 inscripti
1554 1921 1616 1975 ex·

96 2075 97 2081 ¹
147 2058 306 2122 starent.
364 2046 440 2123 Sed
471 2041 718 2144 conjecturas
750 2067 863 2120 nunc
899 2042 1087 2144 quidem,
1124 2071 1254 2145 quum
1287 2072 1375 2123 nou
1410 2049 1616 2129 literarum

146 2200 379 2277 Latinarum
412 2197 620 2276 historiam
653 2193 888 2286 tractemus,
914 2196 997 2303 'sed
1032 2197 1081 2275 de
1113 2197 1265 2277 Horatii
1297 2211 1468 2304 tanttuu,
1487 2204 1615 2282 verbis

148 2347 418 2445 disputemus,
455 2345 632 2438 mittam;
674 2344 797 2445 idque
824 2344 958 2420 solum
988 2344 1187 2441 retinebo,
1224 2329 1332 2451 quod
1358 2351 1454 2451 ipsis
1481 2355 1615 2434 adver·

147 2495 346 2573 sariorum
368 2491 606 2593 conjecturis
627 2492 805 2572 refutatis
825 2491 1001 2571 effecisse
1024 2495 1126 2571 mihi
1150 2497 1302 2593 videor,
1327 2505 1449 2580 Ennii
1466 2508 1615 2603 satiras,

147 2636 346 2749 quantum
373 2647 537 2747 qtridem
563 2659 744 2723 veterum
770 2644 1009 2767 testimoniis
1035 2660 1205 2740 constet,
1234 2672 1258 2727 a
1281 2667 1506 2732 metrorum
1528 2672 1614 2736 tan·

147 2813 235 2877 tum
265 2800 447 2878 varietate
473 2824 625 2877 nomen
654 2800 866 2900 accepisse,
898 2823 1060 2876 carmen
1086 2815 1221 2879 autem
1243 2794 1369 2905 ipsius
1391 2810 1614 2906 argumenti

146 2955 328 3032 varietate
359 2953 585 3030 miscellum
617 2976 769 3052 perque
805 2975 968 3027 omnem
1004 2951 1104 3029 vitae
1138 2954 1342 3033 humanae
1375 2954 1614 3061 farraginem

147 3108 312 3229 licenter
338 3131 487 3208 vagum
510 3103 550 3204 ²²)
584 3105 764 3205 primum
789 3103 992 3182 Lucilium
1025 3106 1266 3202 condidisse3
1304 3113 1478 3213 quodsi
1511 3113 1614 3192 illud

213 3369 259 3435 tt)
283 3368 424 3438 Porphyris
443 3370 478 3420 ed
495 3344 584 3419 libret.
602 3365 682 3418 Sem.
699 3363 719 3415 Ι.
737 3363 782 3417 lb.
799 3363 839 3417 to
863 3366 973 3418 Ennium
996 3376 1108 3439 maner
1133 3370 1214 3422 libres
1237 3371 1379 3426 satirarum
1403 3376 1537 3449 reliquisse
1559 3380 1611 3443 ail3

145 3469 260 3520 Donatus
278 3482 337 3518 vero
354 3465 388 3516 sel
401 3464 502 3516 Terent.
522 3462 624 3516 Pharan.
642 3461 674 3512 ΙΙ.
691 3460 716 3512 2
732 3459 769 3512 23
787 3477 886 3512 versum
904 3479 936 3515 ex
952 3471 1026 3515 sexto
1044 3468 1182 3518 earundem
1197 3465 1265 3519 libro
1283 3466 1379 3520 hume

214 3580 260 3646 ⁷2)
278 3580 317 3631 De
334 3580 507 3631 convenientia
525 3576 634 3627 nominis
651 3573 751 3626 satirae
767 3573 801 3627 ed
817 3573 909 3626 Lucilii
923 3576 1037 3627 carniae
1053 3584 1122 3631 recle
1135 3578 1191 3648 jans
1207 3577 1374 3648 Spanbemins
1391 3583 1426 3635 ed
1440 3582 1539 3634 loliani
1551 3583 1614 3637 Ces·

145 3689 231 3733 sares,
254 3673 305 3723 nisi
329 3670 397 3739 quod
419 3670 553 3723 verbosum
572 3668 807 3721 Graecutom‘ounr
825 3666 922 3719 Latinis
947 3669 1153 3743 conjunctionem·
1171 3677 1273 3740 praeter
1289 3669 1349 3725 'ren
1373 3675 1526 3735 immiscuit,
1550 3674 1613 3742 pse'i.

144 3782 171 3834 p.
184 3765 246 3816 XV:
270 3763 298 3814 tt
313 3762 404 3834 suffles
422 3761 454 3813 de
471 3760 575 3813 toacher
591 3761 626 3810 iee'
642 3777 674 3810 ers
689 3768 814 3831 passast,
840 3778 888 3832 que
906 3760 931 3811 le
947 3778 1007 3812 nem
1025 3760 1056 3812 de
1073 3763 1157 3815 Setiae
1175 3760 1242 3815 daus
1259 3764 1283 3815 le
1300 3766 1378 3816 neue
1394 3783 1454 3817 sens
1471 3765 1503 3817 de
1519 3766 1613 3820 Poene

145 3860 210 3910 rullei
233 3877 266 3912 ou
289 3859 401 3919 varium,
429 3874 460 3909 ne
477 3857 615 3909 coemo·
625 3872 677 3927 pets
694 3854 749 3908 nel
772 3855 881 3907 &celles
904 3854 935 3906 de
953 3839 1085 3925 Lucilius,
1113 3858 1159 3928 qui
1180 3866 1252 3909 entre
1270 3865 1357 3908 autres
1373 3875 1393 3926 y
1410 3859 1482 3910 avait
1497 3860 1562 3911 'sele'
1578 3859 1614 3912 aa

147 3951 214 4004 Grec
236 3970 297 4004 ooee
321 3952 346 4003 le
361 3949 459 4010 Latis,
482 3956 507 4000 el
529 3953 565 4003 off
588 3951 652 4022 qu'il
666 3969 686 4020 3
702 3950 795 4002 droit
814 3947 949 4002 tl’ee'llem
973 3968 1006 4003 ers
1022 3951 1140 4023 nelenqe
1158 3951 1189 4003 de
1204 3951 1335 4023 plusieurs
1358 3950 1445 4004 eloses
1462 3953 1614 4025 diffitentes.

148 4045 192 4098 Ora
209 4055 298 4098 trouve
316 4047 345 4098 le
360 4045 438 4097 neme
454 4043 529 4097 etose
547 4046 616 4100 dens
627 4047 670 4105 les
680 4044 782 4100 Satires
800 4045 832 4099 de
847 4063 913 4100 ceux
929 4047 976 4117 qui
991 4045 1137 4101 timuerent
1154 4065 1187 4100 ess
1203 4063 1231 4099 ee
1247 4061 1326 4117 sem
1337 4042 1451 4108 tl’e'ere‘ee,
1469 4047 1516 4118 qui
1527 4063 1613 4098 neos·
