3532 4544
855 518 903 626 1.

243 685 374 766 Verba
399 682 449 763 de
473 681 626 786 quibus
646 680 849 784 disputare
874 679 1064 760 constitui
1090 691 1190 757 sunt
1213 678 1368 759 Horatii
1392 678 1438 756 in¹
1459 681 1618 756 Sermo·

146 861 250 919 num
279 835 372 912 libri
402 833 523 936 primi
556 833 671 913 satira
704 833 878 927 decima,
911 830 983 907 ubi
1008 827 1208 931 judicium
1241 855 1365 909 suum
1391 832 1439 909 de
1463 830 1619 909 Lucilio

148 1004 285 1073 contra
320 988 478 1087 ineptos
516 948 640 1086 hujus
677 983 852 1064 fautores
889 980 1134 1074 defendens,
1173 1003 1227 1057 ne
1267 981 1404 1061 omnia
1447 982 1619 1058 omnino

145 1139 304 1217 homini
330 1134 539 1239 ingenioso
560 1132 746 1237 &meque
770 1134 876 1212 inter
899 1132 1085 1236 aequales
1110 1131 1383 1212 illustrissimo
1408 1133 1620 1212 detraxisse

145 1290 343 1382 videatur,
363 1284 491 1388 licerit,
514 1286 666 1392 inquit,
690 1285 846 1360 Lucitas

398 1426 514 1510 Comei
538 1446 572 1509 et
590 1437 763 1528 ,mamm
790 1434 900 1535 fuerit
924 1435 1073 1537 liquatis
1097 1433 1186 1508 iden

279 1571 282 1576 ’
402 1584 513 1679 Qum
537 1586 633 1659 rudis
659 1595 692 1659 et
719 1554 863 1660 Graecis
887 1587 1009 1660 ottadi
1031 1587 1189 1659 comicis
1212 1545 1333 1659 (νάιον

397 1735 575 1838 Qumtqoc
596 1743 774 1836 poe'tmon
797 1739 966 1812 scnionon
990 1703 1116 1831 tuellasv

144 1889 191 1966 in
221 1885 370 1990 quibus
404 1895 536 1988 quum
568 1885 723 1988 reliqua
757 1887 895 1964 omnia
930 1865 1031 1963 satis
1046 1882 1174 1984 'plana
1207 1894 1248 1958 et
1280 1880 1487 1983 perspicua
1519 1883 1618 1976 sint,

144 2035 250 2123 illud
278 2062 414 2116 unum
447 2036 774 2137 disceptationem
805 2036 945 2128 habet,
977 2008 1126 2111 'utrum
1157 2032 1278 2103 intacti
1308 2031 1465 2104 minis
1497 2039 1618 2103 mutor

144 2212 256 2268 unus
289 2211 339 2266 ex
368 2188 539 2263 securum
565 2193 745 2286 pcttcrum
778 2188 897 2280 anda,
935 2187 1102 2288 quicum
1135 2184 1314 2297 Lucilius
1347 2194 1618 2284 comparetur,

144 2363 198 2426 an
218 2342 304 2446 ipse
326 2304 506 2420 Lucilius
530 2320 815 2416 existimandus
840 2337 911 2430 sit,
925 2316 1076 2438 'quem,
1101 2350 1151 2413 ut
1171 2335 1269 2414 alios
1295 2348 1464 2426 taccam,
1491 2337 1616 2413 Hora·

145 2493 226 2570 tius
250 2491 336 2592 ipse
361 2489 439 2569 alio
465 2488 553 2565 loco
578 2489 705 2580 Serm.
730 2489 784 2564 11.
814 2493 855 2573 l„
874 2491 922 2558 65
947 2487 1095 2582 prtnum
1119 2499 1286 2562 testatur
1309 2506 1457 2561 ausum
1484 2506 1567 2561 esse

392 2637 446 2698 ·-'-
470 2640 508 2712 in
531 2639 621 2710 lunc
645 2639 758 2736 operis
783 2660 985 2733 componere
1010 2636 1161 2706 maa
1184 2659 1328 2727 morem,

143 2788 270 2889 inque
300 2786 385 2902 ipsa
415 2802 553 2866 nostra
580 2788 695 2865 satira
723 2813 758 2877 y.
785 2793 835 2858 48
866 2787 1074 2859 inventorem
1104 2785 1227 2885 hujus
1253 2790 1408 2887 generis
1434 2786 1616 2890 appellat.

144 2941 195 3017 Et
217 2938 337 3041 primi
363 2939 528 3040 quidem
552 2939 785 3040 interpretes
810 2961 940 3038 usque
963 2938 1012 3017 ad
1035 2939 1181 3015 saeculi
1205 2939 1349 3015 decimi
1372 2939 1468 3015 sexti
1488 2939 1614 3016 finem

144 3088 195 3169 de
219 3088 297 3167 alio
320 3103 475 3190 praeter
492 3088 695 3167 Lucilium
720 3113 773 3165 nc
799 3088 989 3189 cogitasse
1014 3088 1178 3191 quidem
1204 3090 1409 3182 vident1u3
1436 3115 1613 3191 quorum

144 3241 216 3346 qui
246 3265 294 3319 ex
324 3240 409 3343 ipsa
441 3241 674 3343 antiquitate
706 3236 832 3317 r'elicti
865 3253 979 3332 sunt,
1012 3239 1136 3317 Acro:
1175 3241 1272 3340 punit,
1303 3240 1456 3342 inquit,
1484 3243 1615 3340 prim

143 3394 283 3469 sutiam
300 3391 442 3467 Graeco
462 3395 622 3467 aueum
643 3394 795 3468 versibus
815 3392 1019 3505 lexametrd
1036 3394 1188 3490 scripsit,
1213 3393 1314 3465 etum
1334 3390 1475 3466 Graccis
1495 3401 1615 3463 aeaetor

141 3543 242 3644 tejas
265 3544 379 3653 operti
403 3554 470 3635 est,
501 3543 721 3644 Porphyrio
747 3556 882 3620 autem
907 3543 972 3618 loc
997 3543 1073 3615 idco
1098 3544 1222 3615 dictum
1248 3556 1398 3634 narrat,
1425 3543 1505 3642 qum
1527 3540 1617 3614 nulli

144 3690 355 3770 Graeem
374 3693 577 3794 masmim
598 3695 748 3768 veredus
769 3693 833 3764 ltoc
852 3716 958 3793 penus
979 3697 1090 3792 operis
1110 3696 1306 3793 scripserint
1312 3722 1325 3789 3
1350 3719 1484 3795 neque
1502 3694 1615 3771 aliter

140 3862 288 3942 magna
319 3841 386 3922 illa
417 3855 645 3921 renatarnm
678 3843 885 3921 literarum
916 3842 1074 3920 lumina
1099 3844 1297 3921 Henricus
1324 3841 1548 3944 Stephanus
1574 3854 1614 3918 et

137 3988 385 4076 Guilielmus
415 3991 617 4119 Xylander
646 3991 949 4086 intellexerunt,
986 4015 1165 4096 quorum
1195 3991 1292 4071 alter
1323 3991 1402 4069 hoc
1431 3991 1615 4070 scholion
