3548 4514
90 503 260 583 heroicis
282 505 461 583 versibus
480 524 639 608 carpere
657 525 780 585 ausus
800 519 877 600 est,
901 520 942 584 et
957 507 1092 604 omnis
1109 507 1281 586 instituti
1300 507 1421 600 ratio,
1447 509 1562 588 unde

90 658 300 745 satirarum
338 682 489 736 nomen
508 656 630 759 -apud
654 680 761 735 -eum
794 657 1028 759 pependisse
1064 657 1258 752 vidimus,
1300 659 1399 738 adeo
1432 660 1563 761 ipsius

87 812 247 914 propria
276 810 457 888 habenda
484 823 599 902 sunt,
631 823 679 886 ut
700 809 789 910 jure
802 809 1039 910 'meritoque
1064 810 1225 881 uuuum
1253 809 1395 884 Graecis
1425 836 1565 887 carmen

89 961 312 1039 condidisse
329 960 405 1038 dici
422 959 565 1060 possit;
586 981 721 1058 neque
738 957 877 1034 dubito
894 981 942 1033 eo
957 979 1087 1057 usque
1102 961 1335 1058 procedere,
1350 958 1403 1036 'ut
1416 962 1563 1040 eodem

86 1116 229 1207 modo,
255 1139 337 1217 quo
354 1116 538 1192 Romana
560 1110 720 1211 ingenia
742 1133 765 1188 a
783 1109 1011 1205 comoediae
1027 1109 1177 1188 Atticae
1196 1084 1397 1188 dicacitate
1415 1111 1564 1188 abhor-

86 1275 281 1353 ruerunt,
325 1265 502 1340 Graecos
536 1260 676 1339 satirae
712 1260 942 1339 Lucilianae
978 1259 1251 1343 inveniendae·
1284 1278 1395 1364 aptos
1436 1261 1566 1343 fuisse

87 1417 258 1495 omnino
278 1438 434 1515 negem.
474 1415 576 1490 Nam
603 1437 732 1513 quum
759 1424 932 1513 quatuor
956 1411 1087 1512 poesis
1112 1436 1257 1512 genera
1283 1413 1443 1515 cogitari
1467 1438 1565 1515 pos·

88 1571 187 1661 sint,
211 1569 391 1670 primum
417 1592 499 1668 quo
525 1589 587 1643 res
616 1565 859 1674 extrinsecus
886 1564 1049 1673 oblatae
1066 1565 1214 1693 eadem
1230 1564 1359 1643 forma
1385 1589 1465 1667 qua
1490 1569 1564 1644 ob·

86 1720 184 1799 latae
217 1733 313 1795 sunt
343 1730 706 1818 repraesentantur,
741 1716 911 1793 alterum
944 1714 1054 1816 quod
1084 1714 1315 1794 animorum
1338 1728 1491 1795 'sensus
1526 1733 1567 1798 et

85 1871 341 1972 cogitationes
365 1868 509 1945 iisdem
535 1847 677 1942 modis'
695 1863 884 1955 declarat,
911 1864 1058 1966 quibus
1085 1889 1107 1943 a
1133 1866 1301 1967 singulis
1323 1867 1565 1946 hominibus

85 2014 390 2122 concipiuntur,
422 2016 606 2106 tertium,
638 2013 749 2115 quod
781 2038 844 2091 res
867 2028 987 2092 extra
1018 2039 1095 2092 nos
1125 2018 1317 2117 gerendas
1349 2042 1395 2094 ex
1421 2018 1565 2119 singu·

84 2172 221 2250 lorum
246 2168 464 2248 hominum
490 2164 675 2242 sensibus
701 2164 1067 2267 atque'actionibus
1088 2169 1319 2259 concinnat,
1346 2173 1562 2269 quartum,

84 2349 167 2427 quo
191 2319 402 2424 singularis
428 2317 596 2421 alicujus
621 2318 801 2397 hominis
826 2342 969 2396 sensus
995 2320 1200 2421 animique
1226 2335 1362 2397 motus
1391 2321 1436 2398 in
1467 2343 1562 2399 eam

84 2470 256 2548 formam
287 2470 543 2569 rediguntur,
576 2481 624 2546 ut
653 2469 702 2547 ab
734 2468 861 2571 ipsius
886 2493 1057 2572 persona
1082 2471 1234 2550 solutae
1268 2472 1380 2573 quasi
1407 2472 1560 2549 extrin-

85 2649 199 2703 secus
215 2620 350 2701 offerri
368 2623 577 2700 videantur
602 2639 654 2677 -“
677 2622 751 2699 tria
770 2623 901 2722 prima
919 2628 965 2701 ex¹
982 2623 1081 2717 his,‘'
1094 2648 1195 2726 quae
1213 2624 1452 2725 plerumque
1471 2623 1560 2704 sola

84 2788 372 2863 numerantur,
398 2796 421 2849 a
448 2773 605 2850 Graecis
632 2771 682 2849 ad
708 2796 920 2847 summum
946 2772 1040 2849 artis
1066 2769 1268 2874 fastigium
1294 2789 1422 2854 evecta
1448 2791 1560 2871 sunt,

83 2920 127 2998 in
151 2947 233 3022 quo
252 2921 445 3000 Romanis
464 2920 569 2998 nihil
590 2921 858 2998 restabatnisi
881 2933 929 2997 ut
948 2921 1113 3001 illorum
1135 2927 1295 3027 vestigia
1314 2943 1559 3028 premerent,

84 3086 273 3175 quartum
296 3085 450 3163 erstem,
476 3072 587 3173 quod
606 3073 741 3173 ipsum
764 3071 869 3146 tertii
890 3068 1159 3178 ἀντίστροφον·
1173 3077 1358 3168 dixerim,
1384 3077 1445 3153 vel
1463 3101 1556 3155 eam

83 3225 134 3300 ob
165 3246 325 3304 causam
358 3224 406 3301 ab
433 3223 571 3299 eadem
596 3234 712 3323 gente
736 3221 908 3299 inveniri
933 3224 996 3301 vix
1020 3240 1191 3326 poterat,
1226 3227 1319 3328 quia
1345 3254 1430 3304 non
1457 3254 1558 3305 con·

82 3390 320 3453 sentaneum
353 3388 436 3452 erat
466 3373 574 3459 illos,
606 3372 676 3472 qui
704 3370 785 3448 duo
811 3370 944 3472 priora
969 3396 1113 3473 genera
1138 3376 1183 3451 in
1209 3378 1324 3453 tertio
1349 3377 1557 3478 aptissime
1607 3372 1613 3381 ’

81 3521 398 3626 conjtmxissent‚
424 3521 591 3600 eandem
618 3516 942 3618 conjunctionem
969 3521 1127 3598 inverso
1151 3526 1275 3602 modo
1298 3528 1445 3603 iterum
1465 3538 1557 3605 ten-

14 3630 27 3655 ι
81 3686 230 3751 taturos
264 3697 360 3750 esse.
412 3675 553 3773 Neque
585 3671 730 3771 opinor
759 3668 845 3769 ipsa
877 3671 1122 3748 Graecorum
1152 3673 1409 3776 ingeniorum
1440 3702 1557 3780 prae·

82 3827 222 3904 stantia
238 3826 459 3928 patiebatur
474 3835 542 3900 aut
560 3820 732 3899 subitam
751 3817 983 3896 animorum
998 3824 1312 3901 commotionem
1326 3825 1369 3901 in
1386 3827 1554 3907 rationis

40 3991 44 3999 '
80 3992 119 4054 et
152 3978 352 4057 doctrinae
388 3974 560 4076 speciem
599 3967 799 4050 transferri
836 3982 906 4046 aut
944 3975 1076 4048 unum
1114 3974 1288 4076 aliquem
1328 3974 1554 4057 ho'minum
