3532 4544
255 1203 456 1383 Duplici
497 1303 700 1382 munere,-
735 1300 783 1360 ut
825 1283 1057 1363 communia
1100 1282 1358 1386 professionis
1398 1284 1620 1366 ordinariae

155 1427 284 1507 officia
314 1428 490 1522 mittam,
526 1430 603 1508 hoc
635 1453 743 1510 auno
775 1431 968 1533 iungens,
1003 1461 1133 1537 quum
1168 1447 1206 1511 et
1238 1435 1443 1513 emirersas
1475 1435 1621 1514 Acade·
1727 1451 1729 1456 '

154 1584 259 1661 miae
280 1607 343 1660 res
366 1605 500 1682 regere
521 1594 561 1659 et
585 1540 833 1659 solemnibus
854 1582 1050 1662 festorum
1071 1584 1230 1662 dierum
1253 1586 1490 1662 ceremoniis
1510 1609 1620 1688 prae·
1697 1651 1702 1659 .

152 1733 224 1812 fari
258 1734 440 1825 debeam,
483 1731 568 1832 ejus
604 1760 767 1837 quoque
799 1735 1005 1839 religionis
1035 1751 1075 1816 et
1106 1738 1394 1829 observantiae,
1436 1762 1514 1839 qua
1544 1718 1620 1819 nos

152 1886 389 1962 redeuntem
406 1882 689 1986 Angustissimi
707 1880 902 1986 Prhcipis
919 1886 1095 1967 natalem
1110 1886 1289 1988 excipere
1306 1901 1620 1966 consentaneum
1667 1994 1673 2007 .

151 2050 229 2128 est,
271 2035 473 2138 duplicem
512 2048 664 2135 partem
704 2032 792 2135 jure·
830 2038 1055 2139 meritoque
1089 2037 1285 2115 sustinere
1318 2035 1473 2128 videam
1511 2037 1620 2116 idem

149 2204 305 2279 tamen,
337 2212 440 2289 quae
470 2187 676 2267 humanae
705 2189 988 2270 imbecillitatis
1017 2216 1102 2269 sors
1135 2206 1212 2286 est,
1245 2153 1405 2268 unum
1435 2188 1547 2266 abest
1573 2201 1623 2264 ua

150 2356 266 2418 aucto
290 2334 548 2440 negotiorum
572 2337 695 2416 modo
720 2336 845 2415 simul
857 2343 991 2433 ‚etiam
1007 2310 1214 2444 'temporis
1237 2340 1465 2440 viriumque
1490 2339 1618 2459 inere·

150 2504 286 2570 menta
310 2488 554 2583 invenerim,
580 2502 629 2565 ut
652 2487 841 2590 duplicati
869 2492 1051 2569 muneris
1077 2492 1256 2593 partibus
1281 2493 1342 2568 vix
1369 2491 1618 2570 dimidiatam

149 2664 311 2743 operam
345 2639 578 2739 impendere
612 2647 775 2740 possim.
834 2644 1049 2742 Ignoscant
1079 2642 1200 2743 igitur
1234 2642 1381 2743 quibus
1415 2657 1485 2720 aut
1517 2645 1616 2722 tanti

149 2792 226 2867 dici
268 2789 457 2890 splendor
495 2801 566 2866 aut
604 2801 739 2866 nostra
778 2788 1072 2891 qualiacvmque
1109 2790 1241 2868 studia
1280 2790 1389 2867 cordi
1425 2804 1541 2885 sunt,
1582 2795 1614 2868 si
1663 2783 1669 2793 ’

147 2961 279 3039 neque
304 2940 487 3040 ipsorum
517 2938 794 3037 exspectationi
820 2963 954 3041 neque
981 2940 1199 3018 occasionis
1228 2938 1421 3040 majestati
1452 2965 1621 3043 respon-

148 3092 239 3168 dere
279 3089 381 3168 mihi
423 3089 653 3190 contigerit3
702 3088 793 3169 satis
834 3091 1068 3169 habendum
1110 3091 1203 3181 erit,
1247 3093 1279 3167 si
1319 3118 1454 3169 unum
1495 3092 1613 3173 illum

145 3243 301 3354 locum,
335 3242 380 3316 in
414 3264 496 3341 quo
530 3264 674 3319 omnes
707 3209 818 3320 meas
849 3243 1104 3343 cogitationes
1140 3256 1343 3345 totamque
1373 3244 1616 3343 industriam

145 3393 264 3494 figere
289 3416 356 3469 me
381 3392 571 3494 temporis
598 3394 802 3493 angustiae
820 3408 994 3494 cogunt,
1026 3395 1080 3471 ita
1105 3405 1408 3494 pertractavem,
1436 3406 1484 3466 ut
1507 3413 1613 3470 accr-

144 3543 264 3620 rimas
290 3540 398 3634 lites,
430 3567 530 3644 quae
558 3543 605 3621 de
637 3542 724 3643 ejus
749 3512 1007 3646 explicatione
1031 3545 1137 3620 inter
1161 3546 1338 3623 eruditos
1364 3557 1473 3624 ortae
1498 3559 1612 3634 suut,

143 3695 395 3795 aliquatenus
443 3693 715 3794 composuisse
763 3694 1109 3797 interpretumque
1156 3710 1311 3773 mentes
1362 3716 1385 3772 a
1428 3717 1613 3795 perverso

143 3808 304 3939 itinere,
341 3870 425 3948 quo
455 3844 636 3948 plerique
671 3846 745 3926 hac
776 3847 859 3949 ipsa
892 3860 1014 3926 aetate
1046 3847 1284 3943 inclinant,
1304 3868 1504 3930 revocasse
1534 3848 1611 3924 exi·
1727 3837 1730 3843 ⁴

144 3997 293 4085 stimer.¹

1218 4100 1264 4172 ¹0*
