3548 4514
839 241 912 348 28

144 485 342 575 praeterea
360 470 589 564 ostendero,
618 430 760 546 utrum
781 468 930 547 horum
954 492 1150 572 generum
1173 469 1320 546 rectius
1342 468 1490 544 Graeco
1508 474 1631 548 a'ntuo

145 637 216 700 tum
247 624 324 702 dici
356 622 568 725 potuerit,
589 621 802 725 utriusque
834 623 973 724 poitae
1003 619 1146 721 majori
1179 619 1267 720 jure
1301 622 1450 694 mutarit
1484 626 1631 726 appel,

144 778 240 858 latio
258 773 498 868 conveniat,
528 799 603 877 pro
628 773 752 876 hujus
777 772 1003 876 scriptionis
1028 773 1233 877 proposito
1261 774 1358 852 satis
1383 798 1452 852 me
1476 772 1627 856 fecisse

146 948 272 1031 spero.

242 1240 428 1328 Fuerunt
446 1255 541 1312 sane
561 1256 648 1311 non
667 1233 785 1335 pauci
805 1246 923 1337 atque
943 1231 1062 1313 etiam
1082 1248 1218 1312 nostra
1240 1246 1362 1312 aetate
1382 1235 1629 1316 exstiterunt

146 1384 218 1487 qui
235 1383 360 1485 ipsius
375 1381 517 1459 Lucilii
536 1383 696 1463 satiram
714 1385 769 1464 ad·
779 1388 1023 1464 Graecorum
1042 1384 1331 1486 exemplarium
1347 1385 1626 1468 imitationem

146 1556 368 1635 expressam
395 1533 679 1629 existimarent,
704 1536 889 1640 'adeoque
914 1538 1037 1614 missa
1061 1535 1128 1614 illa
1155 1541 1387 1636 Satyrorum
1412 1560 1627 1639 compara·

146 1683 271 1779 tione,
297 1682 363 1759 cui
383 1684 669 1762 casaubonum
681 1684 808 1764 finem
825 1687 1065 1787 imposuisse
1083 1663 1273 1780 diximus,
1297 1687 1359 1767 vel
1377 1689 1427 1766 ad
1443 1689 1626 1789 priscam
1662 1738 1664 1751 ι

144 1834 368 1912 Atticorum
384 1831 633 1911 comoediam
649 1832 692 1930 ⁷³)
707 1830 768 1909 rel
786 1833 836 1909 ad
856 1831 966 1910 sillos
986 1836 1231 1914 Graecorulh
1250 1812 1293 1938 ⁷¹⁴)
1311 1837 1373 1913 vel
1392 1838 1441 1914 ad
1458 1839 1625 1920 iambos

146 1983 425 2085 confugerent,
450 2007 552 2082 quos
576 2006 671 2061 sane
688 1997 843 2063 constat
865 1985 1180 2065 amaledicentia
1204 2002 1243 2064 et
1265 1988 1440 2065 ludibrio
1458 2011 1626 2073 nomen

146 2163 270 2215 suum
301 2137 497 2238 accepisse
526 2135 586 2234 76);
622 2137 686 2214 his
712 2151 845 2215 tamen
876 2150 915 2215 et
941 2138 1199 2233 Quinctiliani
1227 2141 1436 2218 auctoritas
1463 2146 1626 2241 opponi

144 2303 293 2393 potest,
316 2310 391 2366 nec
410 2311 454 2364 re
473 2252 695 2367 ademarius
713 2301 882 2389 spectata
898 2287 1054 2365 interna
1071 2304 1306 2388 argumenta
1323 2290 1488 2382 desunt,
1503 2293 1625 2372 unde

143 2465 197 2518 ne
221 2440 299 2516 hoc
324 2438 487 2540 quidem
513 2441 681 2523 nominc
707 2440 857 2520 Horatii
883 2439 1002 2517 verba
1026 2438 1078 2521 ad
1100 2439 1227 2516 alium
1253 2464 1275 2519 a
1300 2443 1457 2521 Lucilio
1482 2444 1621 2524 detor·

148 2590 262 2694 queri
283 2613 399 2691 posse
421 2603 613 2691 appareat.
656 2551 820 2668 Iambus
841 2601 962 2679 certe,
987 2587 1147 2689 qualem
1169 2589 1274 2668 inter
1289 2597 1457 2672 Graecos
1474 2596 1621 2674 Archi-

143 2739 286 2846 lochus
306 2736 499 2829 condidit,
527 2737 711 2838 quamvis
732 2736 1018 2837 indignationis
1043 2728 1196 2816 fervore
1222 2755 1261 2819 et
1285 2743 1407 2843 lyrico
1434 2747 1620 2846 quodam

143 2893 300 2992 impetu
328 2909 517 2988 magnam
549 2912 646 2973 cum
677 2886 793 2964 satira
818 2883 1049 2964 affinitatem
1075 2887 1234 2988 habeat,
1267 2907 1402 2971 tamen
1427 2896 1502 2976 hac
1528 2899 1620 3001 ipsa

143 3065 189 3120 re
217 3063 383 3116 rursum
414 3038 462 3116 ab
494 3036 561 3115 illa
593 3031 742 3128 differt,
776 3036 886 3137 quod
916 3037 1043 3116 nimia
1074 3040 1275 3122 dicacitate
1300 3068 1424 3121 ruens
1448 3068 1535 3177 nou
1570 3064 1619 3128 ut

143 3194 508 3221 m
618 3196 624 3205 ¹
1523 3236 1526 3241 .

143 3265 258 3319 wisunt
283 3262 450 3316 eux-mm
473 3270 537 3314 cette
559 3255 660 3330 prande
681 3255 780 3308 varide’
803 3254 835 3308 de
850 3251 933 3327 rujrts
950 3253 1018 3309 tan
1036 3273 1077 3310 ces
1093 3264 1176 3309 sonu
1199 3255 1232 3307 de
1246 3261 1364 3329 ptime,
1389 3262 1514 3331 quidquid
1531 3272 1617 3336 ugunt

144 3348 272 3413 homines,
289 3366 382 3401 comme
398 3349 432 3400 ils
448 3346 532 3408 disent
549 3350 597 3397 etc.

212 3443 260 3512 rs>
284 3443 323 3496 cc
341 3443 429 3494 isui·
446 3444 479 3493 aa
494 3436 609 3490 nuuc·
627 3435 760 3500 rutam,
783 3436 863 3488 ren-0
881 3433 961 3488 rsor.
977 3434 1009 3500 a,
1034 3452 1060 3506 p.
1077 3437 1114 3490 ar
1130 3444 1156 3491 et
1174 3437 1310 3492 unsrun
1328 3443 1407 3494 nur.
1424 3443 1613 3510 romaum,
1655 3426 1662 3439 '

143 3533 269 3603 imprimis
286 3529 432 3593 Lucilium,
449 3529 568 3597 antiquae
584 3526 729 3579 comoediae
747 3523 902 3577 Graecorum
918 3540 968 3576 non
985 3525 1134 3587 dissimilis,
1152 3525 1243 3579 Goniu
1256 3529 1331 3582 1839.
1348 3530 1377 3583 d.

210 3627 259 3696 ll)
277 3626 316 3679 ot.
333 3622 499 3677 &amenus
514 3637 540 3691 p.
556 3620 680 3693 lesqq.
713 3621 834 3675 Heinsius
852 3621 884 3673 de
900 3621 980 3674 utin
998 3620 1087 3675 Horat
1105 3637 1131 3691 p.
1146 3622 1183 3676 st
1201 3632 1227 3679 et
1245 3625 1300 3679 tte
1316 3644 1373 3697 sqq.
1401 3630 1615 3689 dicomulta

144 3718 191 3771 der
206 3715 351 3788 Philologlc
367 3727 393 3781 1>-
405 3707 468 3762 ⁴53·
1613 3774 1616 3781 Ι

210 3810 257 3878 tt)
274 3809 313 3862 Cl-
330 3808 436 3860 hittot.
454 3801 549 3855 Potitio.
566 3802 610 3855 lv.
629 3801 667 3855 {0
689 3808 716 3854 et
731 3799 880 3854 Diomeden
896 3803 1092 3871 grumorum
1109 3820 1135 3872 p.
1146 3792 1218 3867 Μ’,
1238 3809 1282 3876 qui
1299 3809 1384 3877 iprum
1401 3811 1526 3864 Lucilium
1544 3815 1615 3870 iuter

143 3912 231 3950 eorum
253 3899 341 3962 pollet
362 3894 454 3954 referi,
480 3890 548 3944 daut
570 3890 647 3943 etim
663 3885 845 3954 Bemlmtlyut
864 3882 1000 3938 Gmdrll'!
1016 3886 1047 3940 fl.
1064 3891 1129 3940 rom.
1147 3887 1224 3944 Liter-
1241 3908 1266 3960 p.
1284 3892 1341 3946 250
1365 3898 1471 3953 eundem
1488 3898 1615 3957 italorum

142 3979 322 4036 Archilochum
338 3975 459 4048 appellnt.
