3532 4544
888 289 964 396 40
1036 396 1044 409 .

189 517 373 617 ipsorum
392 530 536 597 natura
560 516 672 617 lyrici
693 517 881 597 carminis
902 519 1141 622 proprietate
1160 515 1351 627 declarari
1370 517 1592 621 oportebat,
1619 519 1669 597 in

190 690 278 746 eam
304 667 478 747 formam
502 668 713 770 redegerit,
738 683 786 745 ut
810 694 886 747 suo
913 671 1026 773 quasi
1051 670 1228 772 pondere
1254 682 1355 747 stare
1381 694 1668 750 communem·

190 847 269 923 que
300 847 467 898 sensum
502 821 721 923 exprimere
753 821 1004 916 viderentur;
1045 824 1156 926 quod
1191 768 1411 901 etiam*alii
1445 820 1499 898 ita
1530 846 1669 899 enam·

190 973 365 1063 ciarunt,
396 984 444 1046 ut
475 969 636 1049 satiram
667 969 799 1070 lyricis
830 972 1076 1073 argumentis
1110 972 1263 1071 epicam
1296 964 1466 1047 sormam
1495 970 1670 1048 miscere

190 1123 368 1200 dicerent
393 1121 468 1220 ¹¹⁹);
507 1110 644 1222 neque'
664 1145 768 1221 nego
795 1121 914 1208 talem
941 1120 1169 1199 carminum
1194 1119 1375 1198 indolem
1402 1124 1449 1198 ab
1476 1120 1670 1222 antiquae

189 1273 284 1349 artis
311 1270 560 1372 simplicitate
585 1293 825 1370 magnopere
850 1270 1081 1362 abhorrere3
1107 1267 1280 1348 atenim
1301 1292 1394 1344 vero
1418 1269 1470 1344 ob
1492 1268 1669 1346 eandem

191 1447 351 1502 causam
377 1423 530 1525 optimo
554 1420 643 1521 jure
669 1423 827 1501 Graecis
852 1423 1042 1500 intactam
1069 1422 1198 1499 dicere
1224 1417 1373 1509 licebit,
1405 1418 1450 1495 in
1477 1442 1556 1520 qua
1583 1421 1670 1500 Ro·

189 1572 301 1648 mani
333 1597 406 1672 pro
441 1595 537 1648 suae
568 1570 696 1671 gentis
732 1583 875 1648 natura
908 1568 1217 1648 excelluerunt.
1253 1569 1459 1647 Nimirum
1492 1572 1668 1649 Graecos

191 1732 345 1800 constat
369 1722 487 1823 longe
511 1721 686 1824 plurima
713 1746 836 1799 sensu
863 1723 1039 1822 quodam
1073 1734 1112 1797 et
1135 1718 1223 1797 vivo
1249 1721 1481 1800 animorum
1506 1720 1671 1822 impetu
1751 1824 1758 1835 ο

190 1875 335 1975 egisse,
368 1875 433 1950 cui
460 1887 619 1950 tantum
643 1873 766 1951 modo
792 1873 958 1950 rationis
981 1873 1159 1965 accessit,
1191 1887 1389 1988 quantum
1415 1873 1466 1951 ad
1491 1870 1669 1953 formam
1714 1917 1717 1921 ·

190 2028 381 2130 singulari
412 2007 649 2127 argumento
683 2023 989 2101 convenientem
1020 2012 1289 2104 necessarium
1324 2037 1445 2115 esset;
1486 2024 1669 2102 Romani

190 2181 322 2258 statim
338 2179 397 2256 ab
423 2176 540 2253 initio
565 2175 719 2254 ratione
752 2190 791 2252 et
814 2174 1000 2254 formulis
1026 2178 1403 2287 utebantur„unde
1429 2201 1556 2280 quum
1581 2173 1665 2255 fac·
1731 2246 1743 2265 ,

190 2345 280 2407 tum
306 2342 424 2418 esset,
449 2341 497 2403 ut
520 2350 654 2404 veram
677 2350 723 2401 er
750 2349 791 2402 se
816 2327 958 2427 poisin
983 2338 1190 2427 procreare
1214 2353 1299 2405 non
1327 2339 1507 2430 possent,
1537 2325 1667 2436 etiam

125 2571 129 2577 ,
191 2498 403 2587 postquam
428 2481 532 2559 hanc
558 2479 758 2556 aGraecis
785 2494 1041 2582 acceperunt,
1066 2503 1155 2559 eam
1181 2481 1354 2559 maxime
1379 2477 1553 2558 formam
1577 2504 1669 2558 am·

190 2635 480 2739 plectebantur,
519 2650 622 2729 quae
653 2629 807 2707 unitate
839 2644 879 2706 et
910 2630 1107 2732 aequabili
1140 2633 1316 2733 quodam
1349 2646 1488 2710 tenore
1518 2634 1668 2713 rationi

191 2786 364 2863 maxime
378 2778 628 2871 conveniret,
647 2799 817 2878 eamque
832 2778 950 2857 etiam
965 2779 1009 2855 in
1026 2802 1072 2856 ea
1083 2778 1392 2873 transtulerunt,
1410 2809 1513 2885 quae
1523 2787 1670 2864 Graeci

190 2933 341 3036 ingenii
379 2932 490 3032 vigor
526 2929 612 3006 sine
646 2941 734 3028 apta
772 2929 1060 3008 modulationis
1094 2932 1276 3011 varietate
1314 2936 1377 3013 vix
1412 2938 1669 3038 protulisset3

190 3077 422 3183 praesertim
448 3102 578 3176 quum
602 3064 778 3198 Romani
802 3103 935 3157 mores
962 3079 1082 3158 etiam
1107 3081 1277 3184 singulis
1303 3071 1398 3162 eum
1431 3087 1597 3164 rationis
1625 3100 1673 3168 et

190 3233 327 3334 judicii
366 3256 490 3309 usum
527 3232 808 3324 concederent,
853 3255 935 3333 quo
973 3235 1142 3311 Graecos
1181 3234 1348 3312 demum
1388 3260 1482 3311 cum
1518 3236 1673 3338 poiitici

191 3387 354 3488 spiritus
386 3384 625 3462 detrimento
655 3381 879 3483 pervenisse
914 3383 1099 3460 diximus.
1152 3386 1326 3465 Romani
1357 3412 1451 3466 vero
1480 3364 1744 3491 quamvis‘.

171 3526 231 3611 'et
265 3535 341 3637 ipsi
374 3535 418 3610 in
457 3534 703 3612 carminibus
737 3534 957 3635 pangendis
991 3536 1146 3614 ratione
1177 3537 1312 3640 potius
1343 3562 1464 3640 quam
1499 3543 1671 3642 proprio

192 3684 368 3782 quodam
393 3682 588 3760 instinctu
612 3682 872 3774 ducerentur,
905 3673 1039 3762 tarum
1065 3686 1137 3764 bac
1163 3710 1206 3763 re
1231 3690 1516 3788 posterioribus
1545 3694 1671 3772 Grae·

262 3919 323 3986 m)
347 3921 465 3989 Lyciam
490 3925 584 3977 satiem
608 3925 720 3978 indolem
744 3927 770 3977 in
793 3927 850 3995 ipsa
871 3927 953 3978 form
977 3929 1048 3997 epita
1068 3935 1136 3981 reete
1156 3932 1310 3987 existimarit
1327 3933 1509 4004 ltembardpns
1528 3936 1675 3997 Grandril's

193 4016 239 4068 der
257 4021 321 4068 rom.
340 4015 467 4071 Liternina
483 4035 509 4087 p.
523 4019 587 4072 230.
