3532 4544
870 293 945 400 24

170 533 284 597 vetus
307 521 444 623 regula
469 519 538 613 sit,
570 516 784 600 affirmanti
815 521 1093 624 probationem
1119 521 1375 614 incumbere,
1409 521 1512 600 illud
1536 535 1650 601 certe

172 674 311 776 quovis
337 674 504 774 pignore
530 674 750 766 contendo,
777 672 930 751 sublata
952 673 1133 750 nominis
1156 669 1437 762 similitudine,
1464 669 1582 769 cujus
1602 673 1651 765 in

172 820 251 898 hoe
273 823 466 900 vocabulo
489 823 653 900 nullum
674 837 932 901 momentum
955 848 1039 901 esse
1061 824 1157 924 ipsis
1180 823 1304 900 modo
1328 821 1652 902 adversariorum

177 974 418 1050 testimoniis
435 976 609 1067 ostendi,
634 976 738 1051 nihil
753 976 925 1052 inveniri
942 999 1080 1077 posse,
1106 974 1216 1074 quod
1231 971 1437 1050 Lucilium
1455 971 1497 1046 in
1517 972 1667 1084 satiris

120 1192 124 1197 .
174 1122 393 1199 scribendis
420 1125 543 1199 Ennii
575 1123 709 1223 potius
741 1122 970 1224 exemplum
1002 1144 1125 1224 quam
1152 1147 1274 1199 suum
1301 1122 1507 1222 ingenium
1534 1145 1651 1199 secu·

141 1284 144 1289 '
175 1286 266 1347 tum
300 1297 385 1350 esse
418 1289 574 1375 argirat,
612 1276 790 1376 adeoque
821 1300 945 1378 pauca
976 1276 1061 1369 illa,
1100 1301 1201 1378 quae
1235 1278 1284 1355 de
1317 1275 1433 1352 satira
1463 1273 1655 1354 Enniana

175 1422 317 1500 tradita
344 1423 554 1526 legamus,-
587 1427 641 1504 ita
681 1439 904 1527 comparata
939 1451 1044 1518 esse,
1083 1431 1131 1503 u't
1168 1429 1319 1505 diversa
1353 1429 1487 1528 potius
1523 1453 1652 1531 quam

174 1589 340 1677 cognata
372 1599 515 1678 genera
546 1579 678 1657 testari
708 1580 930 1658 videantur.
990 1580 1177 1655 Primum
1210 1580 1321 1657 enim
1356 1581 1528 1658 omnino
1561 1605 1655 1660 non

174 1728 454 1831 intelligimus,
486 1729 693 1828 quomodo
724 1742 892 1821 veteres,
925 1728 960 1804 si
984 1725 1149 1798 Emona
1173 1729 1279 1799 satia
1303 1728 1345 1800 ab
1370 1724 1554 1801 Luciliano
1579 1756 1652 1802 nou

101 1955 104 1962 ,
173 1889 243 1954 tam
267 1906 391 1981 ponere
417 1883 576 1952 carminat
601 1904 702 1979 ptam
726 1880 869 1952 materia
894 1889 927 1951 et
953 1877 1044 1949 itlius
1069 1879 1266 1951 bacandae
1290 1881 1389 1954 modo
1413 1878 1568 1980 differret
1592 1877 1654 1978 θ’),

174 2044 390 2131 utramque
412 2029 466 2107 ita
489 2030 815 2132 dispescui'ssent,
840 2043 888 2106 ut
911 2055 997 2106 non
1023 2030 1145 2107 modo
1168 2029 1250 2106 duo
1270 2053 1415 2131 genera
1432 2026 1651 2122 efficerent,

174 2208 317 2261 verum
343 2181 462 2259 etiam
485 2181 711 2259 Ennianum
742 2181 922 2282 quamvis
951 2194 1129 2280 tempore
1154 2182 1330 2282 priorem
1356 2179 1530 2257 'secundo
1556 2178 1655 2257 loco

22 2434 26 2443 Ι
66 2310 69 2315 ¹
174 2346 389 2436 ponerent,
415 2356 496 2433 quo
522 2328 623 2409 facto
641 2332 760 2410 ‘haud
784 2332 866 2410 scio
893 2356 943 2445 an
965 2333 1100 2434 ipsum
1123 2333 1226 2410 illud
1249 2331 1511 2434 significetur,
1538 2332 1653 2431 quod

174 2487 248 2562 toti
264 2485 362 2562 huic
385 2496 541 2561 nostrae
562 2486 821 2587 disputationi
840 2454 1091 2589 propositum
1112 2500 1187 2578 est,
1213 2452 1298 2586 ejus
1314 2486 1479 2588 quidem
1497 2482 1656 2574 satirae,

177 2657 279 2736 quae
309 2658 330 2711 a
357 2658 450 2734 vaga
483 2649 521 2711 et
545 2633 767 2712 fluctuante
791 2635 971 2712 nominis
1003 2637 1041 2711 vi
1074 2637 1123 2714 ad
1150 2649 1276 2713 certae
1301 2634 1500 2738 potestatis
1525 2631 1653 2711 ambi·

176 2797 267 2862 tum
296 2786 472 2865 traducta
495 2788 626 2864 literas
648 2790 807 2865 Latinas
830 2812 935 2866 novo
958 2789 1090 2888 podsis
1111 2814 1255 2890 genere
1278 2785 1546 2888 locupletavit,
1571 2787 1655 2860 Lu'·

118 3043 120 3047 ,
177 2935 316 3012 cilium
347 2950 552 3013 auctorem
586 2959 631 3012 ac
663 2935 889 3037 principem
920 2933 1063 3029 fuisse,
1095 2937 1162 3015 illa
1193 2963 1287 3015 vero
1321 2936 1514 3027 carmina,
1547 2958 1653 3035 quae

177 3088 319 3165 eodem
345 3087 512 3164 nomine
545 3100 660 3165 antea
686 3088 734 3166 ab
760 3072 894 3164 Ennio
921 3088 1023 3166 edita
1047 3085 1215 3182 suerint,
1249 3100 1411 3191 propter
1435 3085 1562 3163 solam
1588 3083 1651 3162 in·

140 3278 143 3285 ‚
178 3235 434 3337 scriptionem
467 3260 489 3314 a
518 3250 743 3314 metrorum
777 3238 960 3353 varietate
992 3241 1199 3341 repetitam
1228 3237 1458 3340 permisceri
1484 3261 1579 3312 cum
1606 3258 1654 3313 ea

175 3404 263 3456 non
296 3380 460 3472 debere3
494 3404 537 3458 ac
570 3380 603 3457 si
634 3381 696 3457 vel
724 3383 896 3458 maxime
923 3342 1184 3489 concederem
1212 3377 1363 3457 ordinis
1389 3376 1500 3455 illam
1528 3373 1651 3451 collo·

177 3522 376 3600 cationem
408 3519 613 3599 fortuitam
638 3547 742 3614 esse,
780 3523 933 3623 optimo
960 3536 1093 3599 tamen
1119 3520 1206 3621 jure
1232 3523 1473 3601 miraremur
1499 3520 1653 3614 Quinc·

177 3669 385 3768 tilianum,
419 3690 548 3765 quum
579 3667 656 3744 hoe
687 3665 828 3745 saltem
857 3664 990 3741 Ennio
1023 3677 1062 3739 et
1092 3661 1246 3739 Lucilio
1280 3686 1497 3738 commune
1530 3674 1655 3752 esset,

180 3824 228 3889 ut
254 3812 432 3888 versibus
458 3822 627 3911 uterque
654 3823 855 3902 uteretur,
887 3808 1017 3885 nihilo
1043 3809 1168 3908 magis
1189 3807 1263 3884 hos
1286 3807 1388 3884 duos
1415 3804 1654 3903 conjunctos

245 4035 296 4104 61)
314 4037 397 4090 Verba
414 4045 474 4090 aaut
492 4035 635 4092 Weicberti
652 4033 830 4087 casaubonum
848 4032 977 4100 sequentia
993 4046 1020 4100 p.
1031 4028 1094 4082 280.
