3532 4544
841 251 911 358 12

140 487 212 590 qni
247 486 359 563 hunc
388 484 527 564 locum
555 482 605 562 de
632 480 789 561 Lucilio
816 479 942 583 accipi
971 478 1136 568 malint,
1172 472 1296 579 effugi
1326 499 1443 579 posse
1474 444 1622 578 argue·

140 648 247 728 rent,
279 634 356 735 ipsi
387 656 481 710 vero
512 631 644 708 multo
677 630 827 732 majore
851 632 893 711 vi
924 644 964 707 et
987 630 1148 708 licentia
1171 606 1344 704 malorem
1368 631 1417 710 ab
1442 631 1626 706 moram

142 784 195 862 ita
227 782 515 874 distinxerunt,
544 797 592 859 ut
622 784 701 862 hoc
726 808 879 861 nomen
904 783 1060 861 Lucilio
1089 781 1383 884 relinquerent,
1413 779 1518 858 illud
1543 779 1624 859 soli

143 933 277 1009 Ennio
304 956 379 1009 suo
404 930 663 1009 vindicarent.
714 933 764 1009 Et
789 934 838 1011 de
863 931 941 1010 hoc
967 933 1133 1035 quidem
1159 943 1395 1034 argumento
1421 933 1626 1033 posterius

143 1082 388 1174 videbimus,
412 1082 528 1180 cujus
550 1092 653 1156 certe
672 1103 758 1156 non
778 1104 823 1160 ea
845 1081 1011 1193 gravitas
1035 1093 1112 1173 est,
1137 1094 1186 1158 ut
1205 1081 1284 1158 nisi
1306 1082 1397 1183 quis
1420 1082 1627 1163 circulum
1664 1094 1670 1107 '

144 1237 189 1312 in
227 1233 541 1313 demonstrando
576 1234 827 1311 committere
858 1234 968 1327 velit,
1002 1259 1075 1337 per
1106 1260 1149 1311 se
1181 1234 1315 1313 solum
1354 1235 1404 1313 ad
1438 1222 1632 1315 Ennium

143 1384 301 1462 Lucilio
333 1381 661 1459 substituendum
691 1381 877 1477 sufficiat;
918 1384 1227 1462 constructionis
1262 1396 1397 1461 autem
1431 1344 1630 1465 dirritiem

146 1547 217 1612 aut
231 1531 459 1611 violentiam
480 1531 637 1611 nullam
660 1534 793 1627 video,
818 1535 890 1637 ubi
910 1559 974 1614 eas
996 1535 1279 1614 tantummodo
1297 1534 1470 1613 rationes
1490 1537 1633 1638 sequi·

146 1708 260 1775 mur,
294 1705 395 1785 quae
427 1695 468 1760 et
495 1680 695 1758 universis
725 1682 897 1759 humani
927 1681 1127 1791 sermonis
1159 1681 1314 1783 legibus
1346 1686 1552 1776 nitantur,
1589 1701 1631 1764 et

113 1837 284 1915 multis
320 1836 535 1935 utriusque
562 1830 735 1932 -linguae
768 1835 938 1909 Graecae
974 1832 1204 1932 pariterue
1236 1833 1399 1912 Latinae
1431 1835 1631 1937 exemplis

133 1985 397 2089 ¹comprobari
422 1966 589 2084 possint'
645 1984 749 2059 Nam
774 2007 906 2082 quum
932 1950 1067 2087 omnis
1093 1984 1400 2085 comparationis
1426 1986 1503 2087 hoc
1527 1983 1630 2067 fun·

147 2140 385 2237 dementum
418 2135 486 2226 sit,
518 2148 566 2209 ut
592 2133 695 2210 duae
722 2156 786 2210 res
811 2132 944 2233 aliqua
970 2156 1185 2212 mensurae
1209 2139 1500 2214 communione
1527 2164 1633 2217 con-

147 2293 369 2381 tineantur,
396 2309 499 2389 qnae
522 2309 587 2364 eas
608 2287 779 2363 omnino
798 2285 904 2361 inter
924 2309 966 2362 se
986 2287 1183 2365 committi
1204 2300 1244 2366 et
1259 2238 1482 2390 iomparan
1503 2291 1631 2397 sinat,

147 2441 387 2545 plerumque
418 2459 513 2514 sane
543 2435 639 2513 haec
671 2458 861 2513 mensura
886 2457 1007 2537 supra
1020 2448 1246 2538 utramque
1273 2439 1400 2538 posita
1426 2452 1501 2529 est,
1538 2466 1629 2541 quo

147 2596 250 2676 facto
271 2594 379 2695 ipsae
399 2615 461 2668 res
482 2613 569 2666 uno
593 2591 816 2691 eodemque
841 2588 984 2666 ordine
1007 2588 1225 2681 habentur;
1257 2610 1386 2687 eoque
1410 2590 1455 2663 in
1479 2613 1632 2690 genere

147 2748 267 2826 etiam
299 2741 464 2819 illorum
496 2740 768 2839 interpretatio
794 2751 994 2829 versatur,
1029 2763 1108 2840 qua
1132 2736 1336 2818 Lucilium
1362 2738 1633 2843 Enniumque

148 2896 358 2991 communi
378 2895 589 2995 poitarum
611 2889 741 2990 specie
765 2870 1076 2989 comprehensos
1094 2889 1190 2968 lima
1213 2901 1371 2968 tantum
1395 2903 1435 2967 et
1453 2856 1630 2975 ruditate

149 3042 342 3145 distingui
370 3041 530 3133 volunt3
566 3038 746 3117 atenim
779 3061 872 3115 vero
905 3039 1023 3116 etiam
1053 3038 1121 3118 illa
1149 3042 1248 3120 ratio
1262 3041 1368 3146 ¹iniri
1399 3057 1546 3144 potest,
1579 3064 1632 3127 ut

148 3222 211 3275 res
232 3194 365 3295 aliqua
391 3215 486 3268 cum
512 3210 586 3268 sua
610 3187 737 3289 ipsius
762 3210 954 3265 mensura
979 3204 1252 3293 comparetur,
1278 3215 1381 3292 quae
1407 3193 1487 3271 sive
1512 3197 1556 3272 in
1580 3223 1626 3277 re

148 3350 233 3449 ipsa
264 3341 420 3420 sivein
451 3339 638 3416 universa
669 3331 755 3435 ejus
788 3306 1024 3414 condicione
1053 3351 1093 3414 et
1125 3339 1266 3419 notitia
1293 3344 1491 3439 cemitur,
1520 3348 1626 3430 duae

148 3496 246 3575 aliae
278 3490 598 3569 constnrctiones
628 3480 819 3564 oriuntur
843 3487 936 3565 satis
960 3487 1067 3565 inter
1097 3514 1142 3593 se
1166 3495 1376 3595 cognatae,
1409 3522 1512 3598 quae
1536 3500 1641 3579 tan:

148 3659 238 3722 tum
269 3643 378 3722 abest
408 3653 457 3716 ut
489 3638 712 3717 orationem
747 3651 972 3717 contortam
1007 3653 1079 3719 aut
1111 3642 1314 3726 insolitain
1350 3614 1541 3746 efficiant,
1577 3670 1627 3733 ug

146 3797 235 3898 jure
271 3795 497 3895 meritoque
533 3789 638 3869 inter
673 3788 984 3892 elegantissimas
1026 3796 1178 3873 censeri
1217 3799 1383 3901 possint
1447 3803 1623 3884 Alteram

147 3959 306 4025 tantum
334 3944 481 4022 harum
508 3938 774 4019 concesserim
798 3939 842 4018 in
870 3941 1022 4020 Graeco
1047 3963 1236 4026 sermone
1259 3947 1508 4032 usitatiorem
1538 3977 1625 4036 esse
