3548 4514
274 1317 390 1479 Sed
425 1396 506 1499 jam
541 1398 795 1476 redeundum
828 1397 972 1476 estad
1006 1417 1052 1477 ca
1084 1420 1188 1500 quae
1219 1398 1454 1478 Academiae
1485 1411 1645 1479 nostrae

178 1561 302 1662 pietas
334 1558 384 1636 ad
416 1552 728 1632 concelebianda
751 1551 1044 1655 Angustissima
1070 1552 1246 1632 natalitia
1275 1552 1460 1629 instituit
1510 1554 1648 1647 Quan-

178 1734 301 1816 quam
334 1705 590 1784 vehemeuter
624 1699 740 1778 doleo
775 1701 1004 1801 praemium
1038 1701 1277 1802 philologiae
1308 1700 1496 1779 studiosis
1531 1699 1648 1780 desti·

178 1874 323 1974 natum
353 1855 430 1931 hoc
455 1858 618 1954 quoq'ue
645 1874 753 1928 anno
779 1850 902 1926 tribui
928 1874 1013 1927 nou
1038 1852 1228 1963 potuisse.
1283 1854 1439 1930 Exstitit
1463 1850 1649 1954 quidem,
1735 1900 1740 1909 ·

179 2015 250 2116 qui
286 2009 450 2091 alteram
487 2026 533 2080 cx
569 1999 869 2102 quaestionibus
902 2001 1099 2102 superiori
1133 2028 1240 2082 anuo
1275 2005 1504 2107 propositis,
1545 2023 1649 2105 quae

168 2176 264 2243 ‚erat
286 2160 329 2232 dc
353 2155 491 2231 aedibus
513 2130 722 2244 Homerica,
751 2150 901 2228 solvere
926 2151 1222 2269 aggrederetur3
1255 2167 1294 2231 'at
1318 2157 1368 2233 de
1393 2154 1477 2255 ejus
1501 2163 1650 2232 conatu
1704 2198 1710 2215 ·

177 2319 329 2419 judices
353 2311 450 2390 huie
474 2308 533 2386 rei
557 2284 763 2385 consumo
787 2306 841 2415 iu
867 2304 1166 2384 existimarunt:
1541 2266 1545 2275 ’

357 2463 427 2555 Qui
458 2463 541 2528 hanc
571 2458 794 2547 quaestionem
825 2457 1014 2524 solvendam
1043 2455 1205 2548 suscepit,
1237 2454 1272 2521 in
1296 2453 1488 2541 colligendis
1512 2453 1652 2524 Homeri

357 2589 441 2658 locis
481 2584 676 2653 laudabilem
717 2582 908 2650 industriam
949 2581 1080 2676 posuit,
1122 2604 1228 2672 neque
1265 2578 1482 2648 recentiorum
1519 2580 1651 2670 judiciis

356 2713 515 2804 neglectis
547 2708 686 2774 mediam
719 2708 781 2773 sibi
812 2731 873 2799 per
900 2708 961 2774 hos
986 2707 1072 2773 viam
1100 2707 1225 2773 munire
1250 2716 1385 2775 conatus
1410 2717 1477 2792 est,
1511 2706 1651 2798 denique

357 2842 436 2909 satis
468 2837 571 2905 nitida
602 2842 636 2900 et
671 2834 842 2926 perspicua
876 2819 1051 2917 formarum
1084 2831 1299 2898 delineatione
1330 2831 1490 2898 varium
1521 2842 1650 2900 senten·
1736 2832 1742 2847 ‘

358 2968 474 3033 tiarum
499 2942 682 3029 discrimina
703 2969 777 3025 ante
803 2958 915 3026 oculos
940 2958 1068 3051 posuit3
1094 2982 1154 3026 uec
1178 2969 1286 3026 tamen
1309 2958 1389 3024 ltaec
1412 2957 1452 3024 ad
1473 2959 1651 3050 praemium

358 3087 566 3157 auferendum
596 3085 740 3150 sufficere
771 3080 840 3148 visa
870 3092 954 3147 sunt.
1011 3082 1112 3173 Quod
1143 3083 1230 3149 euim
1254 3107 1413 3150 summum
1437 3094 1506 3150 crat
1529 3084 1564 3151 in
1589 3087 1652 3154 ltoc

359 3221 563 3304 argumento,
589 3224 625 3278 ut
647 3209 793 3298 diligenti
819 3219 851 3277 et
876 3220 1023 3277 accurata
1046 3209 1295 3303 praecipuorum
1318 3210 1465 3277 locorum
1489 3211 1649 3304 interpre-

358 3340 479 3408 tatione
503 3335 604 3404 totius
629 3333 856 3427 disputationis
880 3334 1085 3402 fundamenta
1108 3338 1310 3425 jacerentur,
1346 3336 1464 3426 quibm
1490 3334 1583 3429 quasi
1609 3334 1650 3402 al»

359 3467 485 3553 integro
515 3461 635 3529 exstrui
669 3473 798 3554 posset,
836 3483 914 3531 uon,
939 3462 1034 3548 lecit,
1073 3463 1130 3529 sed
1164 3462 1268 3556 ipsam
1306 3464 1416 3530 statim
1449 3461 1649 3555 Ulpxcarum

359 3590 486 3659 aedium
516 3584 765 3678 descriptionem
796 3607 987 3673 aggressus,
1022 3586 1097 3653 dum
1129 3585 1225 3651 modo
1256 3589 1343 3657 huno
1366 3589 1464 3658 modo
1488 3589 1581 3658 illum
1608 3613 1649 3658 ex

358 3712 587 3807 interpretibus
618 3724 673 3780 aut
703 3712 909 3780 assentiendo
942 3722 997 3777 aut
1025 3711 1243 3803 impugnando
1270 3715 1420 3807 respicit,
1452 3715 1493 3782 ala
1517 3716 1648 3783 illorum

359 3841 514 3934 exemplis
530 3841 607 3934 plus
623 3865 718 3932 quam
734 3863 794 3933 par
812 3850 880 3905 erat
897 3838 1070 3930 pependit,
1095 3839 1180 3905 unde
1201 3841 1321 3908 lactum
1342 3851 1409 3927 est,
1434 3853 1471 3909 ut
1493 3866 1512 3907 a
1531 3853 1648 3933 potitae

359 3966 466 4034 verbis
490 3965 650 4034 interdum
674 3962 934 4033 manifestissime
959 3961 1139 4050 detumet,
1168 3964 1284 4034 deinde
1309 3966 1372 4037 soli
1396 3967 1513 4060 Ulgxis
1538 3969 1649 4038 domui
