3548 4514
854 299 922 410 15

149 535 302 627 nalem,
333 537 404 636 qui
436 532 659 612 identidem
685 533 759 611 sibi
787 535 831 610 in
857 535 931 611 hac
958 508 1255 612 constructione
1280 537 1622 648 placuit‚·11t1V.

149 697 215 764 68:
246 689 390 787 privatis
422 683 553 783 majora
579 683 687 783 socri,
719 689 793 790 ΠΙ.
819 690 913 761 too:
952 685 1058 760 holm
1081 678 1246 760 Procedo
1266 691 1389 781 minor,
1419 696 1502 768 XV.
1532 698 1626 769 uo:

148 838 262 939 itesam
284 839 396 909 minor
417 837 609 937 iqueropi3
639 836 788 937 quibus
814 838 1006 915 omuibus
1033 840 1333 939 comprehensis
1359 844 1420 917 vix
1447 843 1623 945 amplius

146 988 231 1065 sore
251 987 437 1078 arbitror,
460 979 534 1087 ¹qui
557 986 711 1062 Horatii
735 1012 897 1088 quoque
922 988 1038 1064 verba
1062 987 1117 1065 ita
1139 986 1321 1090 explicari
1345 1014 1461 1089 posse
1485 1006 1622 1093 neget,

148 1149 194 1212 ut
215 1135 416 1227 Lucilium
450 1108 691 1212 limatiorem
724 1132 848 1214 fuisse
883 1138 1124 1231 concedant,
1158 1161 1281 1240 quam
1314 1162 1387 1237 pro
1414 1162 1458 1216 ea
1484 1141 1622 1218 condi·

97 1384 103 1393 .
148 1291 280 1380 cione‚
306 1287 349 1363 in
375 1311 454 1389 qua
477 1302 680 1365 auctorem
709 1290 822 1366 rudis
847 1292 1086 1392 Graecisque
1107 1270 1244 1368 intacti
1267 1291 1455 1368 carminis
1477 1296 1622 1372 versari

129 1450 462 1535 ¹consentaneum
496 1433 629 1514 suerit
693 1443 935 1540 Quanquam
960 1466 1037 1539 ¹me
1072 1443 1208 1542 ipsum
1242 1441 1374 1519 adhuc
1408 1468 1494 1539 non
1529 1444 1623 1546 plus

146 1584 321 1663 effecisse
342 1611 480 1678 sumo,
507 1608 628 1688 quam
647 1599 695 1661 ut
711 1586 814 1664 hanc
832 1588 1202 1688 interpretationem
1219 1615 1304 1666 non
1321 1594 1481 1670 minore
1498 1618 1621 1694 quam

145 1737 308 1814 alteram
341 1736 571 1813 auctoritate
604 1760 625 1813 a
658 1737 819 1838 linguae
852 1735 1006 1835 legibus
1038 1736 1098 1813 uti
1130 1755 1313 1840 appareat
1320 1770 1331 1834 ;
1368 1746 1478 1844 quod
1504 1761 1624 1825 restat

146 1913 258 1964 nunc
273 1888 441 1965 demum
459 1887 680 1989 aggrediar,
698 1900 745 1964 ut
762 1887 930 1970 eandem
949 1911 971 1964 a
988 1886 1194 1964 literarum
1210 1915 1372 1994 quoque
1385 1897 1619 1975 Latinarum

145 2042 310 2119 historia
327 2042 448 2159 etiam
465 2004 592 2145 magis
610 2041 904 2133 commendari,
925 2042 1101 2142 denique
1115 2044 1254 2143 poitae
1271 2047 1487 2127 sententiae
1500 2050 1621 2127 unice

147 2193 359 2272 convenire
383 2195 604 2310 ostendam.
626 2163 633 2175 ο
663 2156 671 2171 .

245 2505 423 2577 Omnem
461 2500 778 2579 adversariorum
817 2502 1189 2595 ratiocinationem,
1231 2528 1333 2605 quae
1374 2508 1536 2608 quidem
1576 2513 1619 2587 in

147 2676 316 2728 censum
341 2652 477 2730 venire
501 2669 651 2754 posset,
679 2678 727 2732 eo
751 2651 1015 2733 fundamento
1038 2655 1113 2732 niti
1137 2621 1336 2750 vidimus,
1362 2672 1410 2735 ut
1426 2662 1512 2734 rude
1532 2666 1620 2763 qui-

146 2805 238 2881 dem
258 2802 466 2905 Graecoque
491 2806 653 2880 inmotam
676 2831 813 2879 carmen
838 2807 1001 2884 satiram
1027 2829 1112 2882 esse
1137 2820 1412 2907 agnoscerent,
1439 2810 1620 2887 Ennium

147 2916 281 3032 utitem
306 2969 397 3033 ante
421 2956 625 3034 Lucilium
652 2959 789 3036 satiras
822 2956 1024 3059 scripsisse
1048 2970 1262 3033 monerent
1269 2985 1281 3049 3
1326 2958 1436 3057 quod
1456 2958 1490 3034 si
1517 2957 1620 3036 illud

146 3107 357 3184 satirarum
383 3133 531 3210 genus,
563 3111 607 3186 in
633 3136 715 3212 quo
741 3111 900 3186 Ennius
925 3132 1089 3209 operam
1115 3132 1232 3186 suam
1257 3106 1485 3199 collocavit,
1510 3109 1618 3186 idem

146 3258 268 3337 fuisse
293 3274 492 3338 constaret
516 3286 612 3337 cum
638 3260 716 3338 hoc
742 3261 852 3361 quod
869 3259 1058 3336 Horatius
1084 3261 1246 3332 aarum
1265 3256 1408 3330 Graecis
1432 3255 1618 3358 appellat,

144 3409 248 3486 nihil
281 3412 496 3517 proclivius
533 3426 602 3489 aut
631 3405 882 3488 manifestius
916 3408 1077 3510 cogitari
1107 3420 1251 3508 posset
1302 3413 1455 3483 Verum
1489 3407 1619 3485 enim·

147 3514 243 3638 vero
283 3561 401 3663 longe
438 3561 551 3640 aliter
584 3518 784 3649 videbiittr
818 3560 874 3652 ei,
919 3559 989 3662 qui
1027 3526 1164 3660 ipsum
1199 3560 1319 3637 illum
1356 3557 1617 3654 Quinctiliani

146 3673 307 3805 locum}
326 3712 398 3789 ubi
424 3712 542 3791 satira
566 3724 647 3789 tota
670 3711 865 3790 Romanis
890 3708 1132 3800 vindicatur,
1156 3709 1360 3812 integrum
1386 3709 1617 3810 inspexerit3

145 3867 216 3942 ubi
242 3889 328 3944 non
352 3865 477 3943 modo
501 3824 604 3939 nihil
632 3863 681 3941 de
701 3862 838 3939 Ennio
864 3858 950 3959 ejus
976 3872 1137 3937 auctore
1162 3859 1353 3969 legimus,
1380 3859 1449 3936 sed
1468 3861 1618 3956 Quinc·
