3548 4514
148 495 336 576 Horatius
367 519 430 574 res
456 495 532 573 sibi
559 495 629 574 sed
662 518 703 574 se
729 495 850 574 rebus
877 491 1084 596 subjungit
1107 492 1373 597 hominesque
1400 497 1505 600 ipsos
1529 524 1616 579 non

147 650 238 729 vitia
264 674 406 727 eorum
431 645 695 750 aggrediendo
717 669 833 724 suam
858 647 942 748 ipse
965 646 1243 747 impotentiam
1263 647 1396 748 prodit
1413 646 1472 747 76);
1499 649 1615 751 cujus

148 803 220 881 etsi
245 802 402 900 disjecta
424 813 582 878 tanturn
606 798 789 876 membra
810 797 858 919 ad
881 821 956 874 nos
978 808 1264 898 pervenerunt,
1289 810 1423 876 tamen
1450 798 1616 881 etfama

146 953 275 1030 multa
291 953 339 1029 de
352 950 580 1028 Archilochi
590 950 928 1053 Hipponactisque
945 949 1047 1028 odiis
1062 950 1254 1050 prodidit,
1275 949 1616 1056 manifestumque

147 1101 298 1180 Horatii
336 1078 563 1202 exemplrun
601 1114 804 1191 tenemus,
846 1124 969 1202 quem
1005 1124 1136 1200 quum
1176 1100 1333 1200 epodon
1372 1102 1522 1179 librum
1564 1107 1615 1182 ad
1687 1080 1693 1093 ⁸

146 1250 374 1328 Archilochi
390 1248 657 1326 imitationem
671 1232 943 1349 composuisse
958 1245 1171 1345 constetll),
1186 1249 1290 1326 inter
1299 1250 1500 1329 Lucilium
1512 1279 1611 1354 quo·

146 1428 225 1507 que
255 1419 294 1482 et
320 1408 563 1482 Graecorum
589 1399 894 1501 iambographos
919 1422 1004 1475 non
1035 1401 1174 1477 minus
1201 1401 1416 1480 discrimen
1443 1418 1614 1486 statuere

145 1557 386 1659 poterimuS,
418 1575 541 1659 quam
573 1552 682 1655 quod
715 1552 821 1628 inter
846 1550 998 1629 Horatii
1024 1552 1172 1652 epodos
1198 1564 1237 1628 et
1261 1575 1466 1632 sermones
1492 1557 1613 1635 inter·
1711 1642 1714 1653 ,

147 1706 285 1782 cedere
315 1702 509 1780 videmus.
565 1701 761 1802 Majorem
795 1702 876 1780 veri
910 1702 1084 1802 speciem
1117 1682 1344 1784 comoediae
1373 1710 1626 1809 comparatio

145 1857 283 1950 habet,
308 1858 341 1933 si
360 1857 526 1958 quidem
550 1852 646 1933 haec
672 1879 759 1933 non
785 1854 919 1932 solum
943 1854 1151 1933 Diomedis
1177 1880 1318 1933 verum
1344 1858 1464 1936 etiam
1485 1859 1613 1962 ipsius

145 2008 296 2087 Horatii
314 2007 544 2085 testimonio
562 2006 724 2098 nititur,
749 2005 820 2106 qui
838 2006 886 2083 ab
903 2003 1101 2105 Eupolide
1121 2018 1239 2106 atque
1255 2009 1417 2088 Cratino
1434 2012 1612 2117 aliisque,
1634 2006 1636 2011 ’

419 2203 469 2215 -
495 2184 638 2259 quondo
662 2158 833 2230 comoedia
855 2159 969 2256 prutes
993 2160 1145 2232 monem
1169 2170 1236 2254 est,

146 2334 312 2388 omnem
335 2309 539 2388 Lucilium
558 2309 733 2412 pendere
759 2309 915 2410 hosque
933 2310 1076 2407 peditto
1097 2317 1228 2384 tantun
1248 2315 1460 2415 numque
1480 2319 1614 2392 reddet

147 2477 331 2540 secutum
356 2486 441 2540 esse
466 2462 593 2563 ait²⁰);
620 2460 842 2565 eodemque
868 2485 992 2538 sensu
1016 2463 1176 2539 Persius
1200 2486 1295 2540 eum
1321 2466 1395 2542 sibi
1422 2466 1613 2548 lectorem

146 2618 308 2718 expetit,
342 2616 412 2718 qui
444 2616 568 2690 audaci
593 2590 737 2691 Cratino
767 2612 899 2729 efflatus
929 2616 1054 2687 irdttm
1077 2611 1284 2713 Eupolidem
1305 2620 1517 2717 praepraudi
1538 2645 1614 2694 uem

145 2761 378 2865 Aristophane
400 2765 529 2865 palleat
550 2765 611 2867 ²⁹);
639 2781 679 2844 at
703 2764 960 2868 quantumvis
985 2784 1129 2864 magna
1153 2764 1205 2840 sit
1227 2763 1415 2841 libertatis
1442 2779 1480 2841 et
1504 2789 1610 2846 ama·

146 2915 333 2992 ritudinis
369 2917 702 3019 interutrosque
740 2913 928 3007 affinitas,
968 2926 1103 2991 tamen
1141 2928 1181 2991 et
1211 2913 1330 2990 metri
1365 2915 1533 2993 mutatio
1565 2919 1610 2996 in

146 3078 254 3144 tanta
276 3066 561 3161 concinnitate,
589 3080 737 3170 quanta
756 3064 928 3144 formam
948 3064 1135 3143 carminis
1156 3077 1195 3144 et
1213 3080 1496 3187 argumentum
1517 3095 1611 3148 con·
1712 3180 1715 3185 Ι

212 3326 261 3394 76)
278 3327 317 3378 cf.
335 3327 410 3380 Bodli
428 3327 580 3381 Gesohlehte
596 3327 643 3380 der
659 3325 787 3397 lyrischen
804 3326 960 3385 Dichtlmnst
977 3333 1024 3386 der
1039 3330 1179 3395 llellenen,
1195 3332 1226 3385 Τ.
1238 3332 1265 3395 1,
1281 3350 1308 3403 p.
1319 3332 1375 3388 Μ
1386 3349 1441 3403 sqq.

215 3423 262 3489 ⁷7)
280 3422 444 3493 Quinctilius.
461 3426 496 3479 Χ.
515 3425 539 3478 l.
557 3422 603 3478 96.

212 3517 259 3587 78)
278 3519 357 3572 Sem.
374 3520 394 3571 l.
411 3520 440 3572 t.
455 3519 493 3582 (t,
517 3521 549 3572 cl.
568 3519 614 3572 Ιθ.
631 3516 681 3571 162
710 3518 755 3570 ult
774 3520 874 3592 scripta
897 3520 990 3593 pachus
1014 3520 1144 3574 comoedia
1158 3522 1249 3594 prisca
1266 3522 1332 3575 uiris
1348 3531 1401 3584 est,
1426 3521 1473 3575 ltoe
1489 3523 1610 3587 dabant,
1640 3566 1644 3581 .

144 3614 191 3669 ltoc
208 3623 269 3667 nant
287 3612 409 3666 Mundi
425 3620 472 3667 etc.

212 3708 261 3775 79)
278 3708 349 3760 Pers.
366 3709 387 3760 l.
405 3707 458 3760 123
469 3723 507 3776 aq.
541 3705 633 3759 &mm
653 3707 721 3759 enirn
737 3707 790 3759 elici
806 3706 1010 3780 Aristophanen
1027 3713 1097 3761 totus
1118 3710 1299 3763 muntium
1315 3726 1394 3764 noma
1411 3710 1541 3773 declarat,
1564 3727 1611 3766 noe

145 3807 288 3857 mirandum
305 3808 360 3865 est,
382 3803 432 3855 etti
447 3816 521 3853 neno
535 3805 649 3853 actuum
665 3800 732 3852 hune
749 3806 877 3856 meelate
893 3802 1018 3874 insignem
1035 3803 1114 3855 luisse
1131 3803 1254 3866 tradldlta
1284 3809 1353 3855 reete
1367 3805 1423 3873 jan
1441 3801 1560 3854 Μία·
1577 3805 1612 3856 nd
