3548 4514
807 293 885 400 47
959 374 976 420 „

106 542 185 601 suo
209 537 352 621 genere
382 543 507 622 quam
532 520 676 598 Lucilii
708 521 870 602 laudem
903 522 1011 622 apud
1041 535 1188 600 veteres
1222 521 1364 617 fuisse,
1397 527 1578 627 primum

50 664 54 669 ’
107 670 290 773 quidem·
306 670 392 744 mdc
420 695 506 747 non
540 683 600 747 est
630 671 798 772 pravum
831 670 892 748 vel
922 695 1117 749 mancum
1147 672 1218 751 sed
1250 675 1343 751 artis
1376 698 1513 779 expers
1544 693 1584 757 et
1637 668 1644 681 ’

13 816 20 833 ’
109 822 361 926 impolitum,
391 807 502 926 quod
524 820 621 902 lima
648 830 775 903 careat
797 827 974 904 necdum
1000 826 1226 905 multorum
1252 825 1471 909 bominum
1498 854 1581 912 ma·

107 974 233 1053 nibus
266 987 476 1053 tractatum
516 976 585 1068 sit,
620 975 673 1053 ita
709 989 756 1053 ut
791 977 1018 1078 sequentia,
1060 977 1207 1078 quibus
1223 944 1227 954 Ι
1246 978 1389 1054 Graccis
1422 984 1585 1058 naturam

26 1200 42 1223 ,
107 1124 273 1219 dicitur,
297 1152 383 1208 non
402 1153 557 1243 norum
579 1127 732 1231 aliquid
752 1129 822 1206 sed
846 1129 1075 1230 propiorem
1099 1143 1258 1207 tantum
1282 1132 1583 1234 explicationem

40 1278 53 1295 '
109 1277 343 1355 contineant
368 1278 445 1377 ¹²⁹);
485 1278 629 1357 deinde
660 1302 753 1356 vero
788 1278 908 1355 etiam
944 1277 1115 1356 minima
1153 1277 1365 1361 difficultas
1404 1286 1585 1383 tolletur,

106 1428 234 1509 modo
269 1452 358 1529 eam
384 1429 761 1543 'interpretationem
797 1426 1104 1527 amplectamur,
1143 1429 1209 1505 cui
1243 1435 1585 1516 commendandae

107 1594 286 1675 ornnem¹
310 1560 415 1655 hanc
438 1572 758 1678 disputationem
790 1575 1066 1668 instituimus3
1104 1597 1184 1678 qua
1216 1591 1373 1656 tantum
1400 1582 1510 1662 abest
1539 1546 1587 1665 ut

106 1751 161 1807 a
194 1726 384 1804 carminis
422 1749 567 1836 genere
603 1727 742 1827 poetae
777 1723 932 1803 indoles
969 1723 1197 1826 colligatur,
1246 1743 1293 1805 ut
1331 1731 1408 1809 hoc
1445 1736 1583 1837 ipsum

86 1879 266 1959 ¹Inscilio
297 1879 560 1991 praecipuum
595 1842 813 1972 tribuatur,
851 1878 960 1979 quod
994 1877 1170 1956 limatior
1202 1878 1341 1976 fuerit,
1380 1910 1501 1987 quam
1537 1892 1583 1979 iu

108 2030 223 2111 rudis
262 2032 500 2134 Graecisque
537 2033 673 2110 intacti
711 2032 901 2110 carminis
941 2044 1103 2110 auctore
1142 2036 1355 2134 exspectari
1396 1998 1582 2138 potuerit.

108 2186 232 2289 Atqui
257 2184 362 2263 hanc
385 2168 567 2285 primum
592 2182 858 2260 demonstravi
882 2182 988 2258 nihil
1015 2184 1221 2276 continere
1246 2187 1358 2287 quod
1384 2192 1582 2270 sermonis

37 2345 43 2357 '
110 2338 268 2443 legibus
296 2348 509 2438 repugnet,
545 2335 689 2445 deinde
718 2347 876 2412 tannam
907 2333 1015 2410 inter
1039 2334 1184 2436 Lucilii
1214 2314 1419 2440 Enniique
1446 2342 1581 2421 satiras

27 2570 32 2581 ,
110 2490 329 2572 meamea
354 2486 620 2565 intercessisse
643 2486 818 2587 oscena,
844 2495 893 2561 ut
918 2483 984 2560 hac
1014 2482 1123 2560 iuius
1144 2499 1283 2562 auctor
1310 2492 1479 2570 omnino
1505 2493 1581 2572 dici
1633 2448 1637 2457 ’

10 2742 19 2757 μ
110 2664 200 2721 non
221 2653 373 2745 posset3
398 2653 489 2716 tum
513 2635 638 2714 solius
655 2633 884 2713 Lucilianae
901 2633 1040 2711 satirae
1058 2656 1146 2710 eam
1165 2634 1443 2714 condicionem
1461 2638 1584 2718 fuisse

10 2782 13 2789 ’
113 2791 254 2882 doctri,
287 2804 335 2867 ut
364 2791 560 2868 intactum
591 2787 751 2867 Graecis
783 2809 945 2864 carmen
974 2784 1062 2886 jure
1092 2787 1320 2887 meritoque
1351 2788 1583 2884 haberetnr3

14 2916 28 2933 ᾖ
112 2939 290 3045 quodsi
321 2953 524 3040 postremo
554 2939 772 3016 Horatium·
801 2957 864 3028 ea,
903 2958 1005 3037 quae
1036 2946 1077 3010 et
1105 2936 1281 3035 potuerit
1314 2952 1353 3015 et
1382 2940 1583 3037 debuerit,
1669 2930 1676 2943 ’

101 3092 234 3173 etiam
260 3091 390 3169 dicere
415 3087 588 3166 voluisse
612 3068 659 3164 e'x
678 3099 761 3164 toto
780 3087 1069 3164 sententiarum
1092 3107 1203 3161 nexu
1226 3086 1445 3189 satiraeque
1468 3115 1583 3193 argu·
1676 3100 1682 3110 '

31 3314 40 3323 .
113 3256 254 3323 mento
280 3240 604 3342 comprobavero,
633 3238 737 3315 nihil
764 3236 937 3338 amplius
962 3237 1012 3314 ad
1036 3238 1260 3338 propositae
1290 3241 1581 3344 disceptationis

37 3374 42 3397 ²
114 3358 460 3496 complementum
493 3388 758 3466 desideratum
791 3387 843 3463 iri
865 3410 1003 3489 spero.
1052 3389 1192 3490 Neque
1217 3388 1374 3488 magnis
1394 3389 1471 3467 hoc
1498 3416 1580 3469 am·

79 3542 283 3647 'bagibus
317 3542 496 3643 indigere
533 3538 711 3645 arbitror.
767 3536 887 3613 Ennii
929 3535 1038 3613 enim
1077 3536 1201 3614 semel
1234 3551 1392 3615 tantum
1424 3540 1468 3617 in
1503 3555 1582 3622 tota

90 3696 235 3807 ¹satira
269 3694 424 3772 mentio
456 3692 502 3769 fit
536 3691 610 3782 ita,
647 3701 696 3766 ut
724 3688 913 3819 Horatius
948 3686 1147 3788 judicium
1182 3714 1305 3766 suram
1343 3690 1398 3766 de
1428 3656 1584 3772 liucilio

187 3934 253 4004 lea)
279 3934 377 3989 llaclen
405 3949 484 3988 masa
511 3937 552 3986 est
576 3931 629 3986 loci
649 3930 767 3985 Juvenal.
791 3929 837 3983 Xl.
862 3927 934 3983 {002
968 3935 1030 3982 aune
1057 3924 1133 3981 ndis
1160 3935 1186 3981 et
1215 3925 1332 3981 Graecas
1362 3927 1457 3981 αι’νιινι·
1485 3931 1610 3984 nulus·

116 4032 191 4056 -ln
