3548 4514
143 496 364 589 condidisset,
390 496 483 597 quod
500 494 676 595 inferarum
693 493 824 594 [etmel
843 495 1050 600 flapiliomoe
1073 496 1176 572 alleri
1194 499 1269 593 ¹⁰⁹),
1298 495 1437 576 eadem
1461 497 1621 578 ratione

134 647 262 726 etiam
296 647 454 726 animos
492 646 733 726 addiderunt
768 646 957 749 singulis,
998 659 1046 724 ut
1081 645 1247 725 liberius
1284 644 1506 746 judicarent
1539 674 1623 729 nec

143 795 347 899 popularis
374 794 577 898 opinionis
602 792 726 899 gratia
749 822 846 875 suos
871 797 948 898 ipsi
980 820 1122 874 sensus
1150 798 1469 898 supprimerent,
1505 801 1624 879 unde

143 947 292 1027 factum
313 961 387 1041 est,
414 960 461 1028 ιιι
479 974 609 1050 quum
629 971 653 1027 a
675 947 904 1027 comoediae
925 951 1093 1026 Graecae
1112 945 1271 1025 lieentia
1288 973 1453 1050 prorsus
1474 947 1626 1028 abhor-

144 1112 277 1177 rerent
301 1097 379 1196 ¹¹⁰),
413 1066 579 1188 satirae,
604 1119 707 1196 quae
732 1098 884 1195 quamvis
907 1097 1012 1189 droof
1026 1105 1060 1171 et
1082 1093 1192 1172 veluti
1212 1099 1342 1197 aerest
1355 1096 1438 1195 joco
1461 1096 1505 1176 ‚de
1527 1099 1627 1177 siliis

145 1255 268 1327 civim
293 1271 405 1326 tamen
430 1253 503 1325 rire
527 1249 600 1323 utto
622 1251 760 1349 proprii
781 1252 926 1325 nomines
947 1248 1046 1323 storto
1072 1272 1208 1325 carmen
1231 1257 1317 1320 esset
1333 1247 1411 1347 ¹¹¹),
1435 1222 1627 1349 apdrmm

146 1430 337 1507 campum
362 1405 611 1507 praeberent,
643 1405 886 1508 simulatque
912 1431 966 1484 eo.
984 1427 1118 1482 mores
1143 1403 1434 1506 pervenissent,
1459 1415 1508 1484 ut
1531 1426 1627 1482 om·

146 1561 247 1638 nino
291 1560 365 1651 tale
406 1559 731 1661 reprehensionis
772 1584 900 1660 genus
940 1559 1210 1635 incurrerent.
1273 1550 1391 1632 Haud
1430 1555 1627 1657 equidem

146 1734 268 1810 nego,
292 1709 399 1787 inter
422 1713 591 1790 Graecos
613 1735 777 1812 quoque
800 1711 1018 1812 aliquando
1043 1709 1239 1799 evenisse,
1264 1721 1312 1783 ut
1330 1719 1459 1785 vetere
1481 1732 1629 1790 renem

146 1862 399 1964 publicarum
417 1861 560 1947 ¹forma
593 1860 817 1938 labasceute
850 1873 889 1936 et
915 1883 1052 1936 mores
1082 1873 1165 1937 tam
1197 1857 1410 1959 insigniter
1436 1860 1628 1961 deprava-

146 2030 289 2092 rentur
313 2029 353 2092 et
377 2013 633 2114 singulorum
660 2012 820 2088 libertas
846 2035 942 2089 eum
968 2011 1011 2089 in
1035 2014 1206 2091 modum
1231 2028 1441 2111 cresceret,
1472 2032 1520 2094 ut
1544 2042 1629 2098 nec
1657 2090 1661 2095 .

146 2165 260 2244 locus
283 2189 358 2241 nec
382 2141 669 2264 argumentum
695 2162 836 2240 satirae
860 2163 1030 2252 deessem
1056 2163 1126 2242 sed
1144 2164 1178 2241 si
1197 2165 1269 2267 qui
1293 2189 1341 2243 eo
1360 2190 1496 2243 rerum
1513 2178 1630 2246 statu

147 2317 210 2393 usi
236 2329 349 2409 sunt,
381 2313 610 2418 philosophi
636 2309 821 2406 filerunt,
850 2312 921 2415 qui
945 2312 1118 2414 pedestri
1145 2336 1330 2392 sermone
1356 2338 1473 2418 prava
1498 2318 1628 2394 corri-

148 2489 238 2567 gere
271 2465 536 2567 hominesque
568 2463 785 2566 praeceptis
811 2461 867 2540 ad
897 2461 1098 2539 saniorem
1129 2463 1229 2540 vitae
1260 2490 1387 2543 usum
1411 2465 1629 2546 instituere

149 2613 405 2708 conarentur3
438 2600 623 2691 sensibus
654 2616 832 2692 carmine
864 2613 1135 2714 exprimendis
1168 2639 1355 2718 novoque
1387 2619 1653 2717 poematum·

147 2767 282 2867 generi
309 2763 518 2842 condendo
539 2786 629 2841 rnon
654 2763 830 2862 amplius
854 2759 1077 2841 sufficiebat
1098 2762 1355 2864 ingeniorum
1381 2767 1514 2868 vigor,
1548 2771 1629 2869 qui

147 2927 195 2986 ut
225 2936 318 2986 cum
351 2911 450 2989 flore
485 2926 525 2993 et
558 2912 734 3012 potentia
765 2911 928 2989 illarum
963 2903 1168 2989 civitatum
1203 2914 1421 2998 arctissime
1456 2915 1630 3016 junctus

148 3027 295 3155 ¹fuerat,
321 3063 376 3141 ita
400 3087 483 3141 uua
505 3053 605 3141 cum
627 3063 699 3141 illo
722 3043 988 3155 marcescens,
1014 3064 1243 3166 quidquid
1231 3092 1276 3143 ru
1297 3090 1346 3145 eo
1367 3091 1512 3168 genere
1536 3065 1629 3146 effi-

150 3240 237 3295 cere
262 3215 397 3339 vellet,
425 3183 708 3319 detorquendis
728 3228 912 3343 tauhun,
937 3227 985 3291 ut
1008 3217 1192 3318 superius
1217 3216 1414 3311 vidimus,
1439 3232 1629 3300 velerum
1655 3293 1657 3296 ,

218 3509 285 3576 Ιθθ)
303 3510 392 3562 Cicero
409 3510 480 3579 apud
491 3510 626 3581 Angustia.
640 3509 695 3563 civ.
709 3511 751 3562 dri
768 3509 800 3566 ll.
819 3508 855 3569 o;
879 3510 912 3563 αι’.
924 3509 1010 3562 Daris.
1027 3509 1061 3560 nd
1075 3507 1127 3562 Cic.
1140 3507 1244 3561 Tnecol.
1261 3508 1304 3560 ΙΙ.
1321 3509 1340 3561 2
1356 3516 1382 3564 rt
1394 3509 1535 3564 Weichert.
1553 3519 1629 3581 psit.

148 3603 192 3653 let.
211 3603 300 3670 reliqu.
318 3620 344 3671 p.
358 3601 416 3657 152

219 3706 284 3772 ΙΙθ)
302 3706 390 3759 llornt.
409 3706 492 3775 Epist.
512 3707 543 3758 ΙΙ.
562 3707 586 3767 Ι.
605 3707 658 3760 132
670 3724 726 3777 sqq.
751 3707 806 3765 hrt.
824 3711 892 3776 poet
910 3705 962 3759 281
975 3722 1030 3775 sqq.

221 3808 282 3874 ΙΙΙ)
302 3811 420 3864 Emathii
437 3809 514 3864 rrrhn
533 3815 591 3861 ιιιιιι
606 3809 624 3859 l.
637 3826 658 3862 e.
676 3823 703 3877 p.
716 3806 830 3870 xxvn;
855 3810 887 3860 ei.
906 3809 996 3862 lsidor.
1014 3809 1080 3860 Vlll.
1098 3808 1123 3860 7.
1141 3808 1171 3863 Ίι
1201 3807 1233 3865 lu·
1248 3807 1315 3861 euim
1332 3807 1508 3863 eudaemonem
1523 3807 1629 3869 „dedicta

151 3904 295 3974 corripiunt
318 3924 362 3956 nrc
387 3905 522 3958 vitabatur
544 3905 578 3957 ab
600 3905 638 3957 eis
659 3905 798 3976 precisum
822 3922 944 3976 quemque
966 3903 1109 3959 deecnhere
1133 3922 1178 3956 aee
1201 3901 1338 3976 cujuslibet
1361 3914 1469 3974 peecata
1493 3923 1629 3980 moresque

153 3994 342 4067 reprehendere.
