3548 4514
394 521 537 588 intentus
554 516 753 609 reliquarum
778 516 884 586 obiter
906 528 1030 584 mutum
1054 517 1249 586 mentionem
1273 517 1386 606 injecit
1410 489 1579 615 neque'ea
1603 555 1686 623 quse

395 625 544 714 omnibus
574 643 754 711 communia
786 654 877 710 erent
908 642 949 709 al)
977 641 1067 709 illius
1097 643 1201 711 lor-nra
1229 636 1388 737 peculiari
1414 651 1492 719 satis
1519 654 1684 746 distinxit,

395 770 528 839 alteram
558 793 636 838 uero
661 768 861 861 quaestionis
885 778 1026 861 partem,
1060 790 1143 860 qnae
1168 767 1210 835 ad
1233 769 1482 843 Homericorum
1507 789 1687 875 temporum
1731 862 1735 869 ,

393 922 467 968 eum
489 897 679 993 posterioris
706 896 817 965 aetatis
840 896 974 965 aedibus
998 895 1271 988 competitionem
1292 902 1473 989 spectabat,
1499 904 1688 981 brevissime

394 1036 519 1106 tantqm
548 1024 756 1117 perstrinxit3
789 1036 954 1116 postremo
985 1023 1165 1090 orationem
1188 1023 1337 1091 Latinam
1364 1029 1462 1097 tentis
1488 1034 1687 1108 soloecismis

247 1230 249 1235 .
284 1196 288 1204 -
393 1153 540 1248 implerit
558 1152 758 1242 singulisque
776 1151 844 1218 lere
862 1150 990 1244 paginis
1016 1149 1187 1247 utriumque
1207 1154 1365 1221 sermonis
1386 1152 1567 1243 leges‘tem
1590 1163 1687 1235 foede

393 1280 543 1366 violavit,
569 1291 605 1346 ut
628 1280 682 1346 vel
704 1280 746 1346 oh
771 1280 854 1346 hauc
878 1280 982 1346 solam
1006 1266 1135 1347 causam
1158 1251 1303 1373 praemio
1322 1280 1496 1372 plrilologis
1519 1290 1687 1384 proposito

395 1402 513 1494 diguus
538 1403 652 1470 haberi
676 1427 744 1471 non
767 1414 888 1497 posset.

214 1578 322 1660 naec
352 1576 477 1680 igitur
507 1602 596 1680 spes
625 1576 735 1656 irrite
760 1555 919 1673 cecidit3
951 1598 1004 1654 ne
1034 1587 1168 1654 tamen
1192 1577 1279 1681 ipse
1304 1579 1490 1660 animum
1516 1583 1687 1687 despon-

172 1804 175 1809 .
217 1728 315 1810 deus
340 1728 635 1808 commilitones
661 1752 825 1830 quoque
851 1729 1057 1830 desperare
1080 1728 1224 1829 patiar,
1238 1754 1335 1838 ¹non
1361 1732 1496 1813 solum
1524 1737 1687 1818 alteram

146 1872 150 1877 ’
217 1902 268 1960 ex
292 1881 508 1984 superioris
535 1881 631 1958 anni
657 1881 959 1984 quaestionibus
984 1877 1048 1956 his
1074 1880 1201 1957 verbis
1227 1897 1481 1986 conceptamz

395 2034 560 2128 Quoniam
591 2036 812 2128 Hieronymus
844 2037 879 2103 in
909 2036 1175 2130 interpretatione
1207 2039 1349 2107 chronici
1378 2037 1555 2112 Eusebiani
1571 2073 1573 2076 ⁴
1587 2049 1689 2119 multa

398 2162 439 2229 de
469 2184 529 2228 suo
561 2161 700 2246 addidit,
732 2185 816 2252 quac
848 2160 888 2226 ad
919 2159 1210 2229 illustrissimorum
1240 2165 1434 2258 scriptorum
1456 2179 1689 2266 poetarumque

395 2286 617 2354 Romanorum
647 2296 768 2353 aetates
796 2285 1024 2353 describendas
1046 2286 1246 2376 pertineant,
1283 2291 1324 2358 de
1349 2294 1466 2360 luorum
1491 2295 1688 2368 additamen-

395 2424 503 2481 torum
533 2412 677 2482 fontibus
713 2423 748 2481 et
780 2413 969 2482 anctoritate
1002 2423 1158 2504 quantum
1191 2413 1264 2481 fieri
1296 2418 1418 2506 poterit
1451 2425 1690 2496 accuratissime
1718 2475 1720 2480 ,

300 2617 308 2631 ‚
371 2529 526 2630 egetur,
552 2539 752 2634 singulisque
778 2565 852 2609 cum
877 2540 949 2607 aliis
971 2550 1117 2608 veterum
1135 2540 1372 2609 narrationibus
1396 2557 1431 2612 et
1449 2549 1592 2621 uirorum
1614 2556 1688 2626 doc·

395 2679 501 2736 torum
539 2666 811 2761 disputationibus
848 2664 976 2736 collatis
1010 2664 1154 2735 universi
1191 2665 1320 2754 generis
1357 2667 1439 2736 lides
1479 2682 1513 2739 et
1548 2679 1687 2767 pretinm

398 2797 634 2883 constituatur3
1177 2782 1183 2795 ”

121 3018 128 3037 ,
219 2969 366 3050 iterum
397 2989 600 3070 propono,
632 2962 847 3042 sedetiam
871 2980 1017 3042 novam
1041 2961 1163 3055 addo,
1199 2960 1313 3062 cujus
1339 2979 1625 3071 argumentum
1649 2987 1689 3049 et

133 3150 136 3157 ·
180 3215 188 3229 ὑ
219 3118 401 3198 varietate
432 3138 653 3194 amoenum
683 3137 817 3216 neque
848 3113 894 3189 in
925 3115 987 3192 via
1022 3125 1081 3190 tot
1111 3112 1376 3216 interpretum
1408 3124 1687 3221 praecursione

221 3283 339 3352 strata
363 3269 488 3348 nimis
514 3262 673 3345 difficile
700 3263 750 3342 ad
776 3263 1028 3342 tractandum
1054 3262 1145 3340 erit:

398 3422 603 3509 colligantur
625 3440 709 3508 quae
726 3415 915 3485 Herodotus
940 3417 981 3484 de
1007 3416 1106 3482 rebus
1128 3413 1263 3485 Graecis
1287 3417 1382 3486 aliter
1406 3431 1503 3513 atque
1528 3423 1584 3491 alii
1607 3427 1687 3493 anti·

398 3547 530 3641 quitatis
555 3543 730 3634 scriptores
755 3541 906 3628 tradidit,
932 3552 1028 3633 atque
1053 3542 1098 3610 ita
1122 3542 1342 3632 illustrentur,
1369 3558 1405 3613 nt
1430 3559 1464 3614 et
1488 3547 1689 3640 singulorum

282 3744 285 3749 ,
401 3695 546 3742 errorum
564 3669 604 3747 ,si
629 3693 713 3760 quos
739 3670 935 3773 commiserit
958 3684 1074 3738 carsae
1099 3682 1252 3760 quamum
1276 3672 1476 3766 lieripossit
1500 3690 1689 3769 appareant,
1766 3673 1769 3676 ⁴

400 3812 434 3866 et
463 3797 594 3866 omuino
626 3796 668 3864 de
692 3797 756 3864 lide
789 3809 822 3866 et
847 3797 1016 3886 diligemia
1045 3796 1183 3866 hominis
1212 3797 1248 3865 in
1271 3799 1384 3868 herum
1406 3825 1515 3870 rerum
1539 3809 1691 3877 memoria

402 3923 558 3992 tradenda
578 3919 746 4030 judicium¹
759 3921 824 3989 liat.
