3548 4514
850 276 920 381 la

145 530 257 584 must
287 529 400 584 nunc
417 505 468 585 ad
484 503 770 583 casaubonum
788 502 1046 581 redeundum
1063 515 1139 596 est,
1165 503 1235 605 qui
1252 503 1343 582 licet
1358 506 1442 607 ipsa
1461 507 1611 601 Quinc·

144 659 272 738 tiliani
293 658 411 736 verba
434 657 746 760 praeclarissime
764 657 1020 751 enarraverit,
1046 656 1155 734 idem
1175 679 1316 734 rursus
1336 657 1477 736 iisdem
1502 659 1614 754 locis,

145 834 247 911 quos
264 831 488 932 ’srunmum
519 809 732 910 utriusque
763 809 904 888 satirae
938 808 1156 887 discrimen
1186 821 1345 887 tantum
1375 833 1460 887 non
1489 811 1612 913 digito

144 973 368 1039 monstrare
391 960 586 1054 vidimus,
610 961 665 1040 ita
688 958 838 1041 abusus
863 975 941 1055 est,
965 975 1013 1038 ut
1037 962 1220 1040 Ennium
1246 963 1365 1049 etiam
1385 960 1613 1043 Lucilianae

146 1114 299 1213 generis
323 1111 548 1213 principem
574 1109 718 1191 saeeret
742 1106 1009 1215 eoque'pacto
1034 1125 1075 1188 et
1090 1112 1242 1190 Horatii
1268 1135 1474 1217 perperam
1495 1117 1611 1195 intel·

145 1261 293 1364 ligendi
326 1275 465 1341 auctor
489 1259 672 1339 existeret
706 1275 744 1338 et
769 1263 952 1363 ipsorum
978 1265 1117 1342 satirae
1141 1266 1348 1346 Romanae
1365 1269 1610 1385 primordio·

145 1439 239 1490 rum
279 1409 662 1492 confundendorum
703 1417 932 1516 exemplum
971 1417 1122 1508 ederet,
1165 1419 1274 1520 quod
1311 1416 1496 1520 deinceps
1530 1417 1612 1498 sere

145 1585 288 1639 omnes
321 1562 391 1663 qui
424 1561 473 1639 de
506 1561 585 1641 hoc
618 1579 856 1667 argumento
887 1566 1131 1667 scripserunt
1163 1577 1312 1643 temere
1347 1568 1473 1643 secuti
1505 1522 1613 1647 sumt.
1710 1652 1720 1675 ,

146 1713 389 1816 Rupertium
420 1714 583 1816 quidem
615 1714 704 1815 jure
732 1729 871 1793 nostro
902 1717 1120 1809 miramur,
1154 1717 1224 1818 qui
1256 1717 1333 1794 nisi
1367 1717 1494 1794 aliena
1519 1719 1613 1795 scri·

146 1867 216 1943 nia
247 1866 460 1968 compilare
491 1881 531 1944 et
559 1864 743 1970 undique
777 1867 1003 1970 decerptam
1041 1866 1187 1946 olivam
1218 1865 1339 1944 fronti
1372 1890 1614 1969 praeponere

147 2042 270 2120 qtram
300 2043 377 2096 suo
408 2016 558 2120 judicio
590 2019 650 2095 uti
684 2017 909 2107 maluisset,
948 2030 1161 2119 postquam
1196 2015 1340 2094 Lucilii
1377 2018 1536 2096 satiram
1571 2020 1613 2093 at

146 2167 313 2242 Eanum
333 2167 501 2268 informa
517 2170 650 2269 pariter
669 2174 770 2267 atque
792 2168 828 2238 in
848 2168 990 2239 mata
1008 2164 1205 2265 dderepm
1223 2164 1420 2242 intellexit
1437 2171 1500 2264 ⁴⁹),
1524 2192 1615 2269 pro·

148 2314 251 2393 secto
281 2343 365 2396 non
399 2333 482 2396 erat
513 2344 587 2395 cur
608 2319 791 2395 Ennium
822 2317 956 2417 potius
983 2317 1121 2396 satirae
1148 2317 1305 2394 Graecis
1331 2317 1497 2397 intactae
1522 2343 1615 2399 aue·

149 2479 277 2543 torem
309 2464 386 2542 dici
419 2479 623 2561 statueret3
665 2473 808 2546 Mauso
834 2477 967 2544 autem
993 2491 1077 2543 non
1102 2463 1296 2544 dubitavit
1319 2466 1538 2575 utrumque
1562 2475 1616 2554 ita

150 2617 414 2720 conjungere,
446 2632 494 2696 ut
522 2619 726 2697 Lucilium
741 2639 1028 2694 successorem
1059 2613 1181 2692 Ennii
1214 2617 1444 2718 appellaret,
1479 2621 1615 2700 illum·

150 2795 229 2872 que
249 2771 345 2847 huic
366 2771 486 2849 etiam
508 2794 610 2871 quae
626 2769 837 2872 praecipue
859 2768 969 2845 in'eo
985 2767 1174 2846 Horatius
1194 2767 1480 2863 admirabatur,
1505 2771 1616 2848 vitio·

151 2947 243 2998 rum
268 2921 620 3025 reprehensionem
645 2919 948 3020 libertatemque
972 2917 1151 3011 dicendi,
1176 2942 1255 3020 qua

396 3073 564 3170 prirnores
587 3067 710 3167 populi
730 3069 876 3166 arripuit
897 3067 1126 3168 populumque
1151 3067 1318 3162 triten„

396 3222 522 3295 scilieet
545 3222 609 3294 uni
630 3245 757 3321 aeques
780 3223 901 3293 virtut&
922 3231 1023 3320 utute
1051 3220 1122 3319 ejus
1147 3220 1279 3313 amice,

154 3389 307 3477 accepta
330 3375 513 3453 retulisse
538 3374 807 3476 suspicaretur
825 3371 887 3471 ω);
921 3372 1094 3475 denique
1114 3372 1452 3453 Wachsmuthius
1467 3378 1525 3450 'eo
1551 3399 1616 3450 us·

152 3644 204 3694 liar
221 3643 251 3695 ef
262 3642 393 3694 Bor-atius
408 3651 433 3693 et
450 3641 572 3703 Pmim
593 3650 622 3692 at
639 3640 700 3691 alin
717 3654 820 3690 camera
826 3624 924 3715 *rod
939 3653 973 3688 cx
989 3636 1074 3688 trariis
1088 3636 1252 3708 pomtrbur
1267 3636 1417 3698 mutat,
1435 3644 1528 3707 satyra
1544 3652 1618 3689 voea-

153 3739 239 3799 balur,
259 3739 335 3810 quale
352 3738 512 3809 seripserunt
528 3735 659 3788 Pacuvius
675 3742 700 3785 et
715 3730 827 3784 Ennius.

220 3832 271 3900 49)
289 3833 400 3883 Preciae.
416 3829 533 3884 Juvenal.
549 3829 581 3880 Τ.
592 3829 618 3888 1,
636 3846 662 3897 p.
675 3824 787 3878 xtvln.

221 3923 270 3991 30)
289 3924 433 3995 limbum
448 3941 481 3975 sn
498 3920 587 3975 entier
603 3921 635 3973 Τ.
651 3920 694 3983 tt’,
711 3937 738 3991 p.
753 3919 824 3972 ωε
854 3918 929 3971 sollte
945 3936 973 3970 ee
988 3914 1058 3969 atreb!
1074 3916 1130 3966 eine
1146 3913 1321 3985 Mandane
1337 3912 1534 3989 dietbnofruaq
1550 3933 1621 3984 repra,

155 4033 230 4066 wenta
253 4014 295 4067 iet
317 4014 454 4077 aunebm,
480 4013 542 4085 desa
565 4011 633 4067 neb
654 4012 724 4067 diere
741 4010 787 4065 der
803 4009 892 4064 Salt're
906 4008 1036 4083 ,egebam
1050 4005 1197 4080 Richterg,
1222 4007 1307 4060 «liner
1328 4018 1440 4063 mm
1459 4011 1529 4072 ron,
1553 4009 1622 4063 attere
