3548 4514
837 260 909 365 30

140 489 254 590 jungi
287 489 414 582 decet,
445 489 495 569 ad
522 489 650 590 ipsam
682 487 827 590 poitici
857 485 1012 589 generis
1044 484 1345 565 distinctionem
1375 485 1485 587 parvi
1518 508 1628 588 pen·

144 638 272 716 denda
310 653 388 731 est,
409 652 467 715 et
504 651 653 716 ceterae
693 639 905 740 utriusque
943 637 1098 738 generis
1138 648 1256 713 notae
1291 634 1402 713 haud
1436 635 1522 712 scio
1565 658 1624 714 an

142 787 336 888 majorem
371 785 636 869 differentiam
671 814 794 892 quam
831 788 1138 905 similitudinem
1173 784 1401 863 exhibeant.
1458 787 1624 885 Nempe

143 936 294 1016 fabulas
333 955 570 1042 argumento
611 943 688 1018 seri
725 965 887 1049 necesse
924 954 1002 1033 est3
1044 939 1155 1041 atqui
1195 937 1274 1013 hoc
1315 937 1402 1037 ipso
1444 935 1622 1012 n‘omine

142 1090 276 1198 Livius
307 1091 455 1192 primas
481 1091 701 1170 Andronici
732 1091 885 1171 fabulas
910 1094 1068 1170 Latinas
1101 1116 1123 1170 a
1154 1089 1283 1169 satiris
1316 1087 1528 1188 distinguit
1550 1093 1622 1184 ⁰⁰),

143 1253 272 1340 utque
302 1242 519 1318 concedam
550 1267 625 1319 nec
648 1241 876 1320 Lucilianae
907 1210 1047 1325 salicae
1071 1255 1166 1319 cum
1191 1239 1256 1315 his
1279 1238 1506 1340 priscorum
1531 1234 1621 1311 his·

144 1388 327 1464 trionum
349 1388 454 1466 ludis
471 1403 625 1492 praeter
642 1415 794 1471 nomen
815 1392 1036 1495 quidquam
1057 1413 1276 1469 commune
1292 1412 1393 1481 esse,
1418 1388 1460 1466 id
1476 1387 1618 1488 ipsum

144 1550 279 1616 tamen
316 1562 467 1617 nomen
503 1563 640 1617 vereor
679 1555 726 1617 ut
761 1542 942 1618 Lucilius
981 1541 1226 1620 carminibus
1263 1539 1472 1628 indiderit,
1512 1560 1619 1638 quae

145 1690 238 1767 certi
267 1694 491 1794 argtunenti
518 1693 782 1793 descriptione
806 1694 857 1771 ad
882 1693 1111 1770 comoediae
1131 1699 1299 1770 Graecae
1325 1689 1620 1766 rotunditatem

145 1847 363 1943 composita
395 1857 537 1921 essent.
596 1847 799 1919 Praeterea
827 1841 939 1919 haud
970 1841 1256 1947 negligendum
1289 1857 1365 1935 est,
1407 1845 1617 1920 comicum

143 1996 302 2094 politam
321 1995 472 2094 populo
493 1994 681 2087 scribere,
708 1984 920 2074 satirarum
936 1995 1170 2095 scriptorem
1187 1996 1260 2072 sibi
1278 1996 1478 2096 paucisve,
1509 2016 1618 2096 quos

145 2124 284 2220 eadem
316 2168 461 2221 secum
484 2145 630 2222 sentire
662 2147 773 2239 sciat,
806 2170 880 2224 nec
906 2145 1064 2224 Persius
1096 2158 1255 2224 tantum
1282 2170 1329 2223 eo
1356 2147 1489 2224 animo
1514 2141 1616 2236 suit,

145 2308 192 2370 ut
209 2297 390 2396 quamvis
416 2298 472 2369 vel
493 2299 579 2370 ἄεισε
596 2299 659 2391 ¹ccl
680 2302 846 2374 nemmem
869 2301 1006 2379 satiras
1025 2324 1117 2377 suas
1139 2299 1341 2377 lecturum
1363 2297 1616 2399 praesagiret,

145 2449 312 2524 muttire
344 2474 465 2551 quam
500 2453 760 2530 conticessere
792 2452 947 2543 mallet,
979 2453 1049 2529 scd
1074 2449 1262 2529 Horatius
1298 2472 1460 2550 quoque
1492 2447 1537 2522 in
1570 2472 1616 2524 se

147 2600 363 2696 transtulit,
392 2603 500 2704 quod
525 2604 650 2682 mima
676 2604 774 2682 olim
801 2603 959 2706 explosa
984 2573 1149 2679 dixerat:
1188 2600 1343 2717 satismest
1367 2600 1509 2698 equdem
1532 2596 1620 2669 milti

143 2754 307 2851 plaudere
330 2761 388 2851 ⁸¹),
421 2758 636 2858 ipsumque
668 2757 872 2835 Lucilium
901 2756 1040 2832 Cicero
1073 2767 1236 2831 testatur
1268 2776 1309 2825 ea
1338 2774 1424 2850 quac
1453 2750 1618 2824 scriberet

146 2928 253 3003 aequo
286 2907 329 2975 ab
364 2906 598 2978 irtdoctrssimrs
631 2927 739 3003 acque
775 2928 797 2974 a
830 2904 1027 2976 doctmonte
1059 2899 1127 3002 lapi
1154 2901 1298 2974 voluisse
1330 2901 1392 3000 8²);
1436 2900 1548 3003 quod
1581 2902 1617 2978 si

44 3148 46 3154 k
147 3068 250 3132 certa
275 3080 337 3132 res
364 3069 423 3133 est
447 3082 560 3171 omncs
585 3057 645 3155 qui
665 3054 825 3154 placendi
848 3078 949 3126 catus
972 3054 1137 3144 scribam,
1169 3054 1283 3153 qualia
1305 3053 1441 3153 placere
1466 3055 1617 3130 viderint

50 3206 55 3215 '
146 3204 291 3278 amitere
316 3205 376 3304 8³),
409 3206 531 3283 simul
564 3232 657 3283 cum
689 3205 903 3283 lectorum·
923 3204 1199 3282 auditorumve
1236 3204 1456 3281 diversitate
1491 3207 1614 3287 etiam

147 3371 271 3436 totam
302 3359 489 3436 carminis
520 3356 700 3442 indolem
732 3355 880 3433 mutari
897 3342 1071 3432 'necesse
1103 3354 1187 3431 erit.
1243 3359 1382 3456 Neque
1414 3356 1511 3434 adeo
1537 3358 1614 3458 ipsi

212 3662 446 3732 Qmffi2

215 3775 261 3844 81)
279 3777 360 3828 Sem.
378 3776 397 3827 l.
416 3775 462 3829 10.
479 3774 524 3828 to.

166 3919 168 3922 v
214 3888 259 3955 82)
278 3888 366 3940 Cicero
383 3888 415 3938 cle
431 3886 506 3939 Oret.
523 3887 556 3941 ll.
573 3886 607 3949 8,
628 3887 650 3957 5.
661 3887 725 3948 253⁴
737 3887 768 3939 cl.
787 3888 819 3939 de
836 3885 942 3951 Finibus
961 3886 978 3936 Ι.
997 3885 1031 3949 5,
1048 3885 1070 3954 5.
1085 3885 1109 3935 7.

215 3996 261 4061 83)
281 3996 358 4048 Plinii
375 3995 451 4048 rerba
468 4001 527 4048 eunt
544 3995 627 4066 Epist.
645 3995 688 4047 lll.
707 3992 750 4048 18.
768 3995 795 4049 9.
