3532 4544
879 262 950 374 50

180 507 313 606 inepte
343 498 490 593 faveat,
527 510 576 575 ut
612 496 713 576 dum
747 496 831 597 ejus
865 495 1029 574 virtutes
1061 495 1306 590 admiretur,
1346 494 1440 574 vitia
1472 518 1657 598 qumque,

181 682 282 761 quae
305 678 357 732 ne
380 650 562 733 hominis
586 648 751 751 quidem
778 648 922 740 solius,
949 648 1020 727 sed
1047 648 1237 750 pleraque
1268 645 1461 748 temporis
1487 642 1658 742 fioerint.

182 831 293 891 caece
330 803 512 884 imitetur
543 812 613 879 aut
650 798 934 901 negligentiam
971 824 1089 878 suam
1122 799 1233 881 illius
1268 797 1450 898 exemplo
1484 810 1658 877 tueatur.

182 956 257 1033 Hic
283 953 393 1030 enim
419 975 562 1031 sensus
587 960 647 1026 est
672 974 707 1024 v.
720 955 772 1065 ,67
795 963 881 1050 sqqt
905 948 978 1025 ubi
1003 947 1208 1026 Lucilium
1234 946 1306 1040 ait,
1331 946 1513 1050 quamvis
1538 971 1657 1050 supe·

182 1108 307 1189 riores
334 1127 476 1183 omnes
501 1115 592 1203 post
616 1125 659 1178 se
683 1099 907 1203 reliquerit,
935 1115 1088 1194 tamen,
1751 1067 1755 1075 ⁵

367 1321 370 1325 .
455 1255 490 1325 a·
507 1251 601 1352 soret
624 1249 690 1324 ltoc
713 1261 866 1323 nostrum
886 1249 963 1350 sato
988 1251 1120 1325 delatio
1144 1252 1181 1323 in
1205 1277 1344 1343 amon,

183 1408 312 1489 multa
331 1405 557 1484 recisurum
575 1404 788 1506 multoque
811 1403 1006 1506 majorem
1027 1428 1167 1485 curam
1187 1404 1367 1483 versibus
1387 1401 1660 1506 perpoliendis

185 1559 462 1640 adhibiturum
486 1554 627 1649 fuime,
653 1578 787 1656 neque
814 1555 906 1633 satis
932 1554 1069 1633 mirari
1096 1577 1264 1663 possum
1288 1577 1374 1629 non
1400 1552 1534 1630 solum
1552 1556 1661 1648 Doe-

182 1690 365 1814 vringium
395 1731 537 1786 verum
569 1706 689 1783 etiam
722 1705 1007 1785 Weichertum
1041 1702 1139 1781 haec
1174 1724 1337 1804 quoque
1368 1724 1391 1779 a
1418 1699 1578 1779 Lucilio
1608 1699 1664 1779 ad

186 1861 368 1943 Ennium
401 1857 631 1960 detorsisse,
664 1854 777 1954 quasi
810 1853 851 1930 id
884 1854 1036 1933 Horatii
1071 1852 1289 1930 consilium
1323 1863 1443 1943 esset,
1479 1863 1528 1927 ut
1559 1851 1664 1930 anti·

187 2005 398 2112 quioribus
422 2001 550 2104 politis
577 2001 811 2079 excusandis
837 2003 957 2081 etiam
983 2003 1086 2081 illud
1112 2004 1223 2105 quod
1248 2003 1371 2079 modo
1387 2000 1542 2079 Lucilio
1564 2025 1664 2080 con·

188 2146 386 2244 cessisset,
417 2164 642 2231 retractaret
671 2174 805 2254 neque
830 2153 918 2232 illas
944 2156 1112 2232 virtutes
1141 2154 1238 2233 tanti
1266 2155 1406 2257 quanti
1430 2153 1664 2231 viderentur

188 2306 392 2423 habendas
408 2328 492 2382 esse
505 2306 694 2424 innueret
706 2309 781 2404 ¹³⁴)l
815 2310 950 2386 Immo
968 2309 1166 2411 quidquid
1183 2308 1303 2386 illum
1318 2306 1520 2386 factrmrm
1537 2304 1665 2389 uisse

189 2458 403 2561 praedicat,
428 2456 462 2533 si
482 2454 677 2557 majorem
700 2470 930 2559 temporum
954 2461 1292 2562 opportunitatem
1314 2472 1455 2537 nactus
1477 2470 1595 2550 esset,

442 2609 695 2683 detererctadvi
715 2598 838 2705 mulam
867 2613 1035 2688 recideret
1052 2638 1151 2688 omne
1170 2614 1263 2715 quod
1278 2612 1371 2686 ntea

438 2754 626 2856 perlectum
646 2759 856 2852 odocar,
886 2770 920 2834 ct
941 2762 978 2833 rit
996 2736 1097 2834 vectu
1114 2758 1275 2860 [umido
1366 2782 1373 2795 ·
1432 2772 1446 2799 ⁸

437 2931 539 3006 saepe
559 2915 661 3005 caput
682 2909 832 3005 scobem!
855 2872 949 2983 nives
969 2921 1002 2984 ct
1022 2911 1161 2984 roderet
1184 2935 1333 3012 coquet,

193 3059 242 3137 iis
267 3078 369 3159 quae
394 3057 517 3135 modo
539 3056 584 3135 in
606 3057 762 3135 Lucilio
785 3059 1093 3160 reprehenderat
1117 3073 1200 3139 tam
1222 3034 1356 3160 presse
1378 3072 1669 3163 opponuntur,

194 3225 243 3289 ut
258 3211 307 3290 ad
325 3209 451 3287 alium
467 3223 641 3311 spectare
659 3211 831 3290 omnino
848 3237 934 3290 non
952 3213 1125 3315 possint3
1151 3212 1332 3290 Ennium
1349 3223 1497 3304 autem,
1521 3224 1670 3312 quam·

192 3369 250 3445 vis
275 3380 357 3446 arte
383 3365 571 3457 caruerit,
604 3388 699 3443 cura
725 3379 764 3441 et
788 3365 992 3467 diligentia
1017 3390 1141 3444 nemo
1166 3379 1345 3443 veterum
1372 3362 1545 3439 caruisse
1569 3384 1670 3462 pro·

193 3521 313 3613 didit,
336 3531 463 3619 utque
487 3517 646 3597 mittam
663 3519 800 3621 ipsum
822 3520 970 3599 Naevio
994 3535 1097 3600 certe
1119 3521 1393 3631 perfectiorem
1417 3510 1670 3616 politiorem·

264 3807 514 3876 lamdebertus
533 3824 560 3876 p.
572 3807 639 3861 281:
665 3808 707 3861 Ιώ
723 3811 791 3860 enim
806 3809 892 3862 aad&
909 3807 1042 3882 significat
1058 3809 1191 3873 Ennium,
1213 3812 1240 3862 εἰ
1255 3810 1347 3864 rudior
1362 3810 1465 3863 localia
1482 3811 1533 3872 ait,
1556 3824 1672 3863 extum

193 3905 288 3959 tiam
315 3902 410 3957 tatere
432 3903 466 3954 ab
492 3909 578 3954 aetate
602 3920 654 3976 qua
677 3905 788 3965 amerit,
818 3913 843 3956 et
871 3922 889 3955 a
914 3906 1030 3958 novitate
1052 3905 1190 3968 uminis,
1220 3904 1291 3978 quod
1315 3907 1417 3979 prtum
1443 3903 1555 3956 mium
1581 3910 1674 3957 tntu·

195 3993 263 4046 verit
279 3999 327 4047 etc.
